3384 4675
757 513 857 564 titas
872 512 917 564 xl.
1271 514 1312 563 tlt

365 631 404 686 les
421 628 507 699 deigts
524 628 557 682 de
576 626 647 683 leurs
664 626 738 699 pleds
755 632 781 682 et
795 627 833 682 les
847 627 954 696 enlonca
969 627 1034 683 dans
1046 629 1071 683 la
1087 633 1166 694 terre,
1179 627 1280 684 suivant
1292 629 1325 705 le

361 722 443 792 degre
455 721 488 775 de
498 721 589 776 fureur
601 721 646 791 qui
658 722 696 776 les
707 721 794 777 anima
806 721 871 776 dans
889 721 947 775 leur
957 720 1046 776 crirne.
1063 719 1234 776 semblables
1259 721 1317 776 l'oi-

361 829 426 870 seau
444 813 501 884 qui,
512 812 566 883 pris
587 827 621 866 au
635 811 708 883 piege
730 813 793 868 d'un
816 813 902 868 adroit
922 814 1054 879 chasseur,
1072 811 1153 882 gemit
1164 818 1190 867 et
1205 828 1317 868 resserre

360 907 503 962 lui-meme
516 921 550 961 en
564 921 592 960 se
604 904 737 962 debattant
746 907 771 962 le
782 907 863 963 noeud
874 908 919 978 qui
931 907 1047 971 leniam,
1057 907 1093 963 les
1102 905 1227 971 lldnades,
1238 906 1318 962 tineas

360 1017 396 1056 au
409 1001 459 1067 sol,
471 1001 560 1056 iurent
571 1000 662 1055 saisias
673 1001 773 1057 d'ellroi
784 1007 811 1056 et
820 1002 969 1072 essayerent
981 1002 1130 1056 vainement
1143 999 1175 1054 de
1188 999 1249 1054 fuir.
1262 999 1317 1053 Une

360 1095 451 1150 racina
462 1084 571 1149 fleubte'
581 1092 620 1149 les
634 1095 714 1151 retint
724 1100 750 1150 et
767 1076 856 1150 refrdlt
869 1096 939 1150 leurs
954 1095 1045 1152 ellorts
1056 1095 1236 1166 impuissants.
1249 1092 1316 1148 Elles

360 1186 534 1241 chercherent
551 1187 585 1240 oia
607 1186 705 1241 etaient
724 1187 797 1242 leurs
816 1187 899 1258 pleds,
922 1186 991 1242 leurs
1012 1187 1105 1257 doigts,
1128 1187 1198 1241 leurs
1215 1186 1313 1256 ongles.

360 1276 424 1348 neja
431 1279 501 1334 leurs
507 1279 609 1350 jarnbes
622 1279 852 1350 etaientohangees
864 1297 897 1334 en
905 1280 981 1350 tiges.
990 1280 1070 1335 ll'une
1078 1280 1151 1335 mein
1164 1279 1317 1351 desesperee

360 1371 426 1427 elles
444 1372 583 1427 voulurent
599 1373 725 1428 meurtrir
742 1373 813 1428 leurs
836 1373 930 1439 llancs;
952 1374 1018 1430 mais
1037 1374 1097 1429 elles
1124 1373 1274 1444 lrapperent
1292 1373 1316 1427 le

359 1470 439 1521 trono
450 1464 513 1520 d'un
531 1467 624 1521 chene.
638 1465 757 1523 t'ecoroe
767 1467 872 1522 enrahit
883 1468 941 1522 leur
956 1466 1069 1538 poitrine
1082 1473 1109 1522 et
1120 1469 1191 1522 leurs
1199 1466 1314 1536 dpaules3

360 1557 434 1614 leurs
450 1559 509 1614 bras
524 1558 702 1614 s'etendirent.
723 1558 762 1614 On
782 1560 820 1615 les
838 1560 885 1614 etit
902 1559 956 1630 pris
971 1574 1038 1631 pour
1054 1560 1099 1616 des
1113 1575 1234 1614 ranieaux
1251 1559 1317 1623 veri·

360 1651 455 1716 tontes,
466 1657 493 1707 et
507 1652 560 1707 l'on
578 1643 612 1707 ne
624 1667 653 1723 se
664 1652 740 1708 serait
753 1669 799 1723 pas
813 1652 924 1724 trompe.

638 1859 711 1898 ulnas
727 1859 856 1898 convenam
872 1861 932 1898 TOUT
949 1861 980 1898 llll
998 1861 1038 1898 OB.

397 1986 440 2042 ΠΙ.
454 1985 544 2042 C'etait
552 1990 612 2058 trop
620 2003 672 2058 peu
683 2003 751 2058 pour
759 1986 882 2043 Bacchus.
893 1987 1005 2059 llquitta
1014 2003 1057 2044 res
1067 2004 1233 2061 campagnes.
1248 1988 1316 2046 Suivi

361 2081 429 2137 d'un
442 2080 533 2135 clamor
543 2082 602 2152 plus
615 2082 703 2147 fidele,
719 2080 739 2135 il
750 2098 779 2137 se
793 2087 940 2153 transporta
956 2098 1002 2136 sur
1016 2083 1041 2137 le
1059 2081 1147 2138 Tmole
1160 2084 1207 2155 qui
1224 2085 1261 2139 lui
1277 2091 1318 2140 est

360 2173 497 2238 consuere,
512 2180 577 2229 etse
591 2175 677 2230 rendit
688 2191 733 2230 sur
744 2175 782 2230 les
792 2175 859 2230 rives
872 2175 908 2230 du
918 2175 1030 2232 Paetole.
1048 2176 1068 2230 d
1082 2182 1149 2231 eette
1162 2177 1270 2248 epoque,
1287 2193 1316 2232 ce

360 2264 593 2321 sseuveneroulait
605 2265 680 2336 point
690 2266 737 2355 des
749 2267 875 2339 parcelles
887 2267 953 2331 d'or,
966 2271 1046 2323 eison
1055 2267 1126 2332 sabla
1135 2267 1255 2337 precieux
1263 2267 1316 2321 n'e-

468 2492 550 2547 Quippe
561 2493 641 2547 pedum
654 2492 740 2547 digitos,
753 2492 776 2534 in
788 2499 896 2548 quantum
909 2507 999 2550 quasque
1013 2500 1087 2538 secuta
1098 2502 1140 2549 est,

469 2562 549 2615 Traxit,
563 2569 585 2605 et
595 2564 619 2605 in
633 2561 722 2605 solidam
732 2563 826 2607 detrusit
837 2566 938 2608 acumine
953 2572 1039 2609 terram.

469 2633 538 2689 thue
551 2645 617 2675 suum
630 2632 723 2689 laqueis,
735 2646 790 2689 quos
799 2634 892 2678 callidus
907 2636 988 2678 altdidit
1002 2648 1088 2691 auceps,

468 2705 521 2748 Cras
532 2704 570 2747 ubi
582 2704 691 2748 commisit
702 2706 805 2757 volucris,
819 2706 931 2762 sensitque
942 2707 1020 2759 teneri,

468 2775 588 2829 Plangitur,
601 2786 625 2817 ac
637 2775 748 2830 trepidans
762 2776 881 2832 adstringit
891 2777 977 2820 vincula
989 2783 1060 2829 uiotu;
1181 2774 1209 2819 ta

467 2845 509 2896 Sic,
522 2850 547 2887 ut
557 2858 649 2901 querque
661 2847 704 2889 solo
715 2846 782 2889 delixa
795 2846 913 2889 cohaeserat
925 2847 1011 2899 harum,
1070 2894 1072 2899 ,

468 2916 595 2959 Exsternata
607 2916 680 2970 lugam
692 2916 773 2959 trustra
786 2916 894 2970 tentabat3
909 2918 1002 2961 atillam

467 2985 535 3030 Lenta
547 2992 607 3030 tenet
618 2985 687 3039 radix,
702 2986 891 3043 exsultantemque
903 2994 994 3032 coercet.

468 3056 565 3111 llumque
579 3056 617 3098 ubi
630 3056 674 3098 sint
685 3057 756 3111 digiti,
767 3056 819 3100 dum
829 3069 867 3113 pes
877 3057 915 3100 ubi
927 3061 1013 3115 quaerit,
1025 3067 1047 3104 et
1058 3073 1149 3117 ungues,

467 3126 548 3181 Aspicit
561 3127 585 3168 in
597 3131 678 3170 teretes
692 3127 775 3182 lignum
787 3128 904 3172 succedere
915 3142 985 3183 suras,
1181 3130 1209 3178 80

467 3197 493 3239 Et
505 3204 581 3239 conata
593 3197 664 3240 lemur
675 3198 775 3240 moecenti
783 3198 885 3255 plangere
899 3199 981 3252 dextra,

466 3267 549 3310 Robora
562 3267 676 3323 percussit.
689 3268 765 3312 Pectus
777 3281 864 3325 quoque
875 3270 951 3313 robora
964 3268 1033 3324 fiunt,

468 3339 552 3382 Robora
564 3345 615 3382 sunt
627 3340 724 3394 humeri;
738 3346 879 3396 porrectaque
890 3342 976 3386 brachia
989 3354 1051 3386 veros

467 3410 519 3454 Esse
533 3417 596 3466 putes
608 3421 687 3463 ramos,
700 3416 723 3455 et
733 3423 776 3455 non
789 3412 865 3456 lallare
879 3415 982 3468 putando.

350 3532 468 3751 J<
653 3583 717 3617 umas
729 3584 797 3618 omn
810 3584 833 3617 m
846 3584 918 3618 annun
931 3584 1021 3619 venata.

432 3689 467 3734 ΙΙΙ.
495 3689 537 3733 Nec
548 3690 600 3733 satis
615 3691 656 3734 hoc
667 3690 749 3734 Baccho
763 3697 804 3735 est.
818 3692 878 3748 lpsos
890 3706 976 3749 quoque
985 3691 1066 3739 deserit
1076 3707 1146 3751 agros,
1181 3696 1208 3741 83

466 3761 564 3815 Cumque
576 3762 642 3805 choro
656 3763 752 3814 meliore,
767 3762 802 3805 sui
814 3763 885 3806 vineta
897 3764 987 3821 Tymoli,

467 3830 611 3886 Pactolonque
624 3833 685 3887 petit,
700 3833 799 3888 quamvis
811 3846 855 3876 non
865 3845 945 3877 aureus
959 3834 996 3876 illo

467 3900 579 3956 Tempore,
594 3914 633 3946 nec
645 3903 702 3945 caris
713 3908 758 3945 erat
771 3903 893 3946 invidiosus
903 3904 981 3947 arenis.

389 3378 400 3415 l
