<?xml version="1.0" encoding="UTF-8"?>
<!DOCTYPE html PUBLIC "-//W3C//DTD XHTML 1.0 Transitional//EN"
    "http://www.w3.org/TR/xhtml1/DTD/xhtml1-transitional.dtd">
<html xmlns="http://www.w3.org/1999/xhtml" xml:lang="en" lang="en">
 <head>
  <title>
</title>
<meta http-equiv="Content-Type" content="text/html;charset=utf-8" />
  <meta name='ocr-system' content='tesseract 3.04.00' />
  <meta name='ocr-capabilities' content='ocr_page ocr_carea ocr_par ocr_line ocrx_word'/>
</head>
<body>
  <div class='ocr_page' id='page_1' title='image "./lesmtamorphoses00ovidgoog_0587.png"; bbox 0 0 3384 4675; ppageno 0'>
   <div class='ocr_carea' id='block_1_1' title="bbox 425 484 1063 568">
    <p class='ocr_par' dir='ltr' id='par_1_1' title="bbox 425 484 1063 568">
     <span class='ocr_line' id='line_1_1' title="bbox 425 484 1063 568; baseline -0.013 0"><span class='ocrx_word' id='word_1_1' title='bbox 425 518 474 568; x_wconf 73' lang='lat' dir='ltr'>mi</span> <span class='ocrx_word' id='word_1_2' title='bbox 749 484 1063 564; x_wconf 75' lang='lat' dir='ltr'>unrinoniuosns.‘</span> 
     </span>
    </p>
   </div>
   <div class='ocr_carea' id='block_1_2' title="bbox 387 628 1389 2372">
    <p class='ocr_par' dir='ltr' id='par_1_2' title="bbox 387 628 1389 2276">
     <span class='ocr_line' id='line_1_2' title="bbox 426 628 1389 706; baseline -0.008 -12"><span class='ocrx_word' id='word_1_3' title='bbox 426 639 543 700; x_wconf 82' lang='lat' dir='ltr'>flamme,</span> <span class='ocrx_word' id='word_1_4' title='bbox 560 642 596 700; x_wconf 91' lang='lat' dir='ltr'>et,</span> <span class='ocrx_word' id='word_1_5' title='bbox 607 637 727 706; x_wconf 82' lang='lat' dir='ltr'>joignent</span> <span class='ocrx_word' id='word_1_6' title='bbox 736 632 864 702; x_wconf 82' lang='lat' dir='ltr'>i&#39;outmge</span> <span class='ocrx_word' id='word_1_7' title='bbox 876 631 892 685; x_wconf 73' lang='lat' dir='ltr'>i</span> <span class='ocrx_word' id='word_1_8' title='bbox 902 646 943 687; x_wconf 86' lang='lat' dir='ltr'>ses</span> <span class='ocrx_word' id='word_1_9' title='bbox 952 628 1057 687; x_wconf 77' lang='lat' dir='ltr'>dedeins</span> <span class='ocrx_word' id='word_1_10' title='bbox 1065 628 1206 702; x_wconf 79' lang='lat' dir='ltr'>superbes,</span> <span class='ocrx_word' id='word_1_11' title='bbox 1218 631 1273 686; x_wconf 90' lang='lat' dir='ltr'>eiie</span> <span class='ocrx_word' id='word_1_12' title='bbox 1285 631 1389 687; x_wconf 83' lang='lat' dir='ltr'>interdit</span> 
     </span>
     <span class='ocr_line' id='line_1_3' title="bbox 428 720 1389 798; baseline -0.008 -12"><span class='ocrx_word' id='word_1_13' title='bbox 428 730 516 787; x_wconf 74' lang='lat' dir='ltr'>meme</span> <span class='ocrx_word' id='word_1_14' title='bbox 530 726 637 798; x_wconf 83' lang='lat' dir='ltr'>i&#39;espoir</span> <span class='ocrx_word' id='word_1_15' title='bbox 650 727 724 783; x_wconf 84' lang='lat' dir='ltr'>‘ason</span> <span class='ocrx_word' id='word_1_16' title='bbox 736 729 835 780; x_wconf 85' lang='lat' dir='ltr'>ament.</span> <span class='ocrx_word' id='word_1_17' title='bbox 853 722 925 795; x_wconf 88' lang='lat' dir='ltr'>lphis</span> <span class='ocrx_word' id='word_1_18' title='bbox 938 739 972 779; x_wconf 92' lang='lat' dir='ltr'>ne</span> <span class='ocrx_word' id='word_1_19' title='bbox 987 729 1035 794; x_wconf 84' lang='lat' dir='ltr'>put</span> <span class='ocrx_word' id='word_1_20' title='bbox 1044 727 1186 795; x_wconf 80' lang='lat' dir='ltr'>supportet·</span> <span class='ocrx_word' id='word_1_21' title='bbox 1198 720 1233 779; x_wconf 89' lang='lat' dir='ltr'>de</span> <span class='ocrx_word' id='word_1_22' title='bbox 1244 723 1308 795; x_wconf 89' lang='lat' dir='ltr'>pius</span> <span class='ocrx_word' id='word_1_23' title='bbox 1319 724 1389 795; x_wconf 82' lang='lat' dir='ltr'>loogs</span> 
     </span>
     <span class='ocr_line' id='line_1_4' title="bbox 428 814 1388 888; baseline -0.006 -10"><span class='ocrx_word' id='word_1_24' title='bbox 428 826 588 884; x_wconf 85' lang='lat' dir='ltr'>tomments,</span> <span class='ocrx_word' id='word_1_25' title='bbox 599 825 635 885; x_wconf 90' lang='lat' dir='ltr'>et,</span> <span class='ocrx_word' id='word_1_26' title='bbox 646 818 662 873; x_wconf 76' lang='lat' dir='ltr'>i</span> <span class='ocrx_word' id='word_1_27' title='bbox 673 817 699 873; x_wconf 86' lang='lat' dir='ltr'>le</span> <span class='ocrx_word' id='word_1_28' title='bbox 708 824 782 888; x_wconf 88' lang='lat' dir='ltr'>porte</span> <span class='ocrx_word' id='word_1_29' title='bbox 793 816 826 871; x_wconf 89' lang='lat' dir='ltr'>de</span> <span class='ocrx_word' id='word_1_30' title='bbox 838 815 902 872; x_wconf 87' lang='lat' dir='ltr'>oeiie</span> <span class='ocrx_word' id='word_1_31' title='bbox 915 815 979 887; x_wconf 78' lang='lat' dir='ltr'>qu&#39;il</span> <span class='ocrx_word' id='word_1_32' title='bbox 990 814 1088 882; x_wconf 73' lang='lat' dir='ltr'>unni,</span> <span class='ocrx_word' id='word_1_33' title='bbox 1100 814 1120 871; x_wconf 92' lang='lat' dir='ltr'>il</span> <span class='ocrx_word' id='word_1_34' title='bbox 1134 814 1388 887; x_wconf 71' lang='lat' dir='ltr'>prononpumsdm</span> 
     </span>
     <span class='ocr_line' id='line_1_5' title="bbox 429 907 1386 991; baseline -0.008 -21"><span class='ocrx_word' id='word_1_35' title='bbox 429 913 518 970; x_wconf 77' lang='lat' dir='ltr'>nieres</span> <span class='ocrx_word' id='word_1_36' title='bbox 532 912 655 991; x_wconf 79' lang='lat' dir='ltr'>paroies:</span> <span class='ocrx_word' id='word_1_37' title='bbox 673 928 686 962; x_wconf 74' lang='grc' dir='ltr'>ι</span> <span class='ocrx_word' id='word_1_38' title='bbox 701 908 739 964; x_wconf 84' lang='lat' dir='ltr'>&#39;iu</span> <span class='ocrx_word' id='word_1_39' title='bbox 753 909 913 981; x_wconf 76' lang='lat' dir='ltr'>i&#39;emportes,</span> <span class='ocrx_word' id='word_1_40' title='bbox 930 908 1083 966; x_wconf 70' lang='lat' dir='ltr'>inermem.</span> <span class='ocrx_word' id='word_1_41' title='bbox 1108 907 1145 965; x_wconf 79' lang='lat' dir='ltr'>&#39;iu</span> <span class='ocrx_word' id='word_1_42' title='bbox 1167 909 1279 965; x_wconf 79' lang='lat' dir='ltr'>n&#39;eums</span> <span class='ocrx_word' id='word_1_43' title='bbox 1299 908 1386 981; x_wconf 71' lang='lat' dir='ltr'>plusti</span> 
     </span>
     <span class='ocr_line' id='line_1_6' title="bbox 433 992 1384 1072; baseline -0.004 -14"><span class='ocrx_word' id='word_1_44' title='bbox 433 1002 566 1060; x_wconf 73' lang='lat' dir='ltr'>«souttrir</span> <span class='ocrx_word' id='word_1_45' title='bbox 584 1017 641 1058; x_wconf 82' lang='lat' dir='ltr'>mes</span> <span class='ocrx_word' id='word_1_46' title='bbox 662 994 856 1071; x_wconf 75' lang='lat' dir='ltr'>importunites.</span> <span class='ocrx_word' id='word_1_47' title='bbox 877 999 988 1070; x_wconf 70' lang='lat' dir='ltr'>Propere</span> <span class='ocrx_word' id='word_1_48' title='bbox 1009 1000 1042 1055; x_wconf 90' lang='lat' dir='ltr'>de</span> <span class='ocrx_word' id='word_1_49' title='bbox 1056 992 1150 1072; x_wconf 76' lang='lat' dir='ltr'>joyeux</span> <span class='ocrx_word' id='word_1_50' title='bbox 1167 1000 1328 1072; x_wconf 80' lang='lat' dir='ltr'>triumphes,</span> <span class='ocrx_word' id='word_1_51' title='bbox 1342 998 1384 1056; x_wconf 81' lang='lat' dir='ltr'>teis</span> 
     </span>
     <span class='ocr_line' id='line_1_7' title="bbox 433 1089 1385 1157; baseline -0.002 -8"><span class='ocrx_word' id='word_1_52' title='bbox 433 1094 588 1151; x_wconf 79' lang='lat' dir='ltr'>«ernendre</span> <span class='ocrx_word' id='word_1_53' title='bbox 606 1092 652 1149; x_wconf 87' lang='lat' dir='ltr'>des</span> <span class='ocrx_word' id='word_1_54' title='bbox 667 1092 759 1148; x_wconf 81' lang='lat' dir='ltr'>oiiants</span> <span class='ocrx_word' id='word_1_55' title='bbox 777 1092 810 1148; x_wconf 92' lang='lat' dir='ltr'>de</span> <span class='ocrx_word' id='word_1_56' title='bbox 830 1091 945 1157; x_wconf 80' lang='lat' dir='ltr'>victoire,</span> <span class='ocrx_word' id='word_1_57' title='bbox 966 1093 1150 1149; x_wconf 84' lang='lat' dir='ltr'>comonne-toi</span> <span class='ocrx_word' id='word_1_58' title='bbox 1173 1093 1207 1148; x_wconf 88' lang='lat' dir='ltr'>de</span> <span class='ocrx_word' id='word_1_59' title='bbox 1228 1093 1337 1149; x_wconf 74' lang='lat' dir='ltr'>murier.</span> <span class='ocrx_word' id='word_1_60' title='bbox 1353 1089 1385 1147; x_wconf 82' lang='lat' dir='ltr'>Tu</span> 
     </span>
     <span class='ocr_line' id='line_1_8' title="bbox 430 1183 1385 1258; baseline 0 -18"><span class='ocrx_word' id='word_1_61' title='bbox 430 1187 622 1258; x_wconf 81' lang='lat' dir='ltr'>«i&#39;emportes,</span> <span class='ocrx_word' id='word_1_62' title='bbox 640 1190 666 1240; x_wconf 90' lang='lat' dir='ltr'>et</span> <span class='ocrx_word' id='word_1_63' title='bbox 682 1185 709 1257; x_wconf 87' lang='lat' dir='ltr'>je</span> <span class='ocrx_word' id='word_1_64' title='bbox 726 1184 829 1241; x_wconf 88' lang='lat' dir='ltr'>meurs!</span> <span class='ocrx_word' id='word_1_65' title='bbox 851 1184 1014 1256; x_wconf 67' lang='lat' dir='ltr'>Rejouisooi,</span> <span class='ocrx_word' id='word_1_66' title='bbox 1036 1185 1163 1241; x_wconf 80' lang='lat' dir='ltr'>barbate!</span> <span class='ocrx_word' id='word_1_67' title='bbox 1188 1183 1339 1257; x_wconf 77' lang='lat' dir='ltr'>Cepmident</span> <span class='ocrx_word' id='word_1_68' title='bbox 1359 1190 1385 1240; x_wconf 94' lang='lat' dir='ltr'>tu</span> 
     </span>
     <span class='ocr_line' id='line_1_9' title="bbox 433 1277 1386 1350; baseline 0.003 -19"><span class='ocrx_word' id='word_1_69' title='bbox 433 1299 445 1331; x_wconf 71' lang='lat' dir='ltr'>e</span> <span class='ocrx_word' id='word_1_70' title='bbox 463 1295 534 1335; x_wconf 85' lang='lat' dir='ltr'>seras</span> <span class='ocrx_word' id='word_1_71' title='bbox 551 1278 639 1333; x_wconf 77' lang='lat' dir='ltr'>foroee</span> <span class='ocrx_word' id='word_1_72' title='bbox 657 1278 689 1334; x_wconf 91' lang='lat' dir='ltr'>de</span> <span class='ocrx_word' id='word_1_73' title='bbox 708 1293 752 1334; x_wconf 89' lang='lat' dir='ltr'>me</span> <span class='ocrx_word' id='word_1_74' title='bbox 768 1277 853 1333; x_wconf 86' lang='lat' dir='ltr'>louer.</span> <span class='ocrx_word' id='word_1_75' title='bbox 871 1277 891 1332; x_wconf 88' lang='lat' dir='ltr'>li</span> <span class='ocrx_word' id='word_1_76' title='bbox 906 1295 922 1350; x_wconf 75' lang='lat' dir='ltr'>p</span> <span class='ocrx_word' id='word_1_77' title='bbox 940 1296 956 1333; x_wconf 86' lang='lat' dir='ltr'>a</span> <span class='ocrx_word' id='word_1_78' title='bbox 973 1278 1010 1333; x_wconf 89' lang='lat' dir='ltr'>du</span> <span class='ocrx_word' id='word_1_79' title='bbox 1025 1278 1111 1333; x_wconf 90' lang='lat' dir='ltr'>moins</span> <span class='ocrx_word' id='word_1_80' title='bbox 1126 1293 1183 1334; x_wconf 90' lang='lat' dir='ltr'>une</span> <span class='ocrx_word' id='word_1_81' title='bbox 1198 1278 1281 1335; x_wconf 81' lang='lat' dir='ltr'><strong>chose</strong></span> <span class='ocrx_word' id='word_1_82' title='bbox 1301 1279 1346 1349; x_wconf 90' lang='lat' dir='ltr'>qui</span> <span class='ocrx_word' id='word_1_83' title='bbox 1362 1283 1386 1334; x_wconf 90' lang='lat' dir='ltr'>te</span> 
     </span>
     <span class='ocr_line' id='line_1_10' title="bbox 434 1370 1385 1442; baseline 0.006 -21"><span class='ocrx_word' id='word_1_84' title='bbox 434 1388 446 1421; x_wconf 74' lang='grc' dir='ltr'>ι</span> <span class='ocrx_word' id='word_1_85' title='bbox 461 1370 543 1442; x_wconf 82' lang='lat' dir='ltr'>pieira</span> <span class='ocrx_word' id='word_1_86' title='bbox 554 1387 588 1427; x_wconf 89' lang='lat' dir='ltr'>en</span> <span class='ocrx_word' id='word_1_87' title='bbox 600 1370 655 1426; x_wconf 88' lang='lat' dir='ltr'>moi</span> <span class='ocrx_word' id='word_1_88' title='bbox 666 1375 693 1426; x_wconf 87' lang='lat' dir='ltr'>et</span> <span class='ocrx_word' id='word_1_89' title='bbox 711 1370 756 1441; x_wconf 89' lang='lat' dir='ltr'>qui</span> <span class='ocrx_word' id='word_1_90' title='bbox 775 1375 802 1424; x_wconf 86' lang='lat' dir='ltr'>ie</span> <span class='ocrx_word' id='word_1_91' title='bbox 817 1371 873 1427; x_wconf 85' lang='lat' dir='ltr'>iem</span> <span class='ocrx_word' id='word_1_92' title='bbox 889 1370 1053 1427; x_wconf 84' lang='lat' dir='ltr'>remuneitre</span> <span class='ocrx_word' id='word_1_93' title='bbox 1065 1386 1117 1442; x_wconf 85' lang='lat' dir='ltr'>que</span> <span class='ocrx_word' id='word_1_94' title='bbox 1129 1370 1159 1442; x_wconf 86' lang='lat' dir='ltr'>je</span> <span class='ocrx_word' id='word_1_95' title='bbox 1172 1370 1294 1427; x_wconf 75' lang='lat' dir='ltr'>meritais</span> <span class='ocrx_word' id='word_1_96' title='bbox 1309 1371 1385 1427; x_wconf 73' lang='lat' dir='ltr'>d’etm</span> 
     </span>
     <span class='ocr_line' id='line_1_11' title="bbox 434 1462 1384 1536; baseline 0.002 -19"><span class='ocrx_word' id='word_1_97' title='bbox 434 1484 446 1516; x_wconf 72' lang='grc' dir='ltr'><strong>α</strong></span> <span class='ocrx_word' id='word_1_98' title='bbox 460 1464 538 1520; x_wconf 76' lang='lat' dir='ltr'>aime.</span> <span class='ocrx_word' id='word_1_99' title='bbox 553 1462 732 1521; x_wconf 85' lang='lat' dir='ltr'>Souviens-toi</span> <span class='ocrx_word' id='word_1_100' title='bbox 740 1478 793 1534; x_wconf 85' lang='lat' dir='ltr'>que</span> <span class='ocrx_word' id='word_1_101' title='bbox 806 1478 974 1524; x_wconf 79' lang='lat' dir='ltr'>monnmour</span> <span class='ocrx_word' id='word_1_102' title='bbox 987 1480 1021 1519; x_wconf 92' lang='lat' dir='ltr'>ne</span> <span class='ocrx_word' id='word_1_103' title='bbox 1030 1463 1108 1519; x_wconf 82' lang='lat' dir='ltr'>finire</span> <span class='ocrx_word' id='word_1_104' title='bbox 1119 1463 1231 1536; x_wconf 81' lang='lat' dir='ltr'>qu&#39;erec</span> <span class='ocrx_word' id='word_1_105' title='bbox 1244 1481 1291 1521; x_wconf 87' lang='lat' dir='ltr'>ma</span> <span class='ocrx_word' id='word_1_106' title='bbox 1301 1465 1351 1528; x_wconf 87' lang='lat' dir='ltr'>vie,</span> <span class='ocrx_word' id='word_1_107' title='bbox 1361 1471 1384 1519; x_wconf 87' lang='lat' dir='ltr'>et</span> 
     </span>
     <span class='ocr_line' id='line_1_12' title="bbox 434 1555 1384 1628; baseline 0.004 -20"><span class='ocrx_word' id='word_1_108' title='bbox 434 1576 446 1608; x_wconf 71' lang='lat' dir='ltr'>e</span> <span class='ocrx_word' id='word_1_109' title='bbox 462 1573 514 1628; x_wconf 88' lang='lat' dir='ltr'>que</span> <span class='ocrx_word' id='word_1_110' title='bbox 527 1557 552 1612; x_wconf 90' lang='lat' dir='ltr'>ie</span> <span class='ocrx_word' id='word_1_111' title='bbox 568 1556 656 1612; x_wconf 76' lang='lat' dir='ltr'>meme</span> <span class='ocrx_word' id='word_1_112' title='bbox 667 1556 768 1611; x_wconf 81' lang='lat' dir='ltr'>instant</span> <span class='ocrx_word' id='word_1_113' title='bbox 782 1572 826 1611; x_wconf 85' lang='lat' dir='ltr'>ine</span> <span class='ocrx_word' id='word_1_114' title='bbox 836 1557 921 1612; x_wconf 81' lang='lat' dir='ltr'>ravim</span> <span class='ocrx_word' id='word_1_115' title='bbox 937 1562 1005 1612; x_wconf 88' lang='lat' dir='ltr'>cette</span> <span class='ocrx_word' id='word_1_116' title='bbox 1021 1555 1115 1613; x_wconf 84' lang='lat' dir='ltr'>double</span> <span class='ocrx_word' id='word_1_117' title='bbox 1127 1556 1278 1613; x_wconf 73' lang='lat' dir='ltr'>existence!</span> <span class='ocrx_word' id='word_1_118' title='bbox 1292 1556 1327 1612; x_wconf 84' lang='lat' dir='ltr'>ln</span> <span class='ocrx_word' id='word_1_119' title='bbox 1336 1557 1384 1612; x_wconf 85' lang='lat' dir='ltr'>Re-</span> 
     </span>
     <span class='ocr_line' id='line_1_13' title="bbox 387 1648 1384 1722; baseline 0.005 -21"><span class='ocrx_word' id='word_1_120' title='bbox 387 1714 390 1720; x_wconf 31' lang='lat'><em>·</em></span> <span class='ocrx_word' id='word_1_121' title='bbox 434 1650 585 1706; x_wconf 74' lang='lat' dir='ltr'>«nommee</span> <span class='ocrx_word' id='word_1_122' title='bbox 603 1665 638 1705; x_wconf 91' lang='lat' dir='ltr'>ne</span> <span class='ocrx_word' id='word_1_123' title='bbox 656 1649 764 1705; x_wconf 82' lang='lat' dir='ltr'>viendm</span> <span class='ocrx_word' id='word_1_124' title='bbox 778 1665 825 1720; x_wconf 83' lang='lat' dir='ltr'>pes</span> <span class='ocrx_word' id='word_1_125' title='bbox 843 1649 1011 1722; x_wconf 81' lang='lat' dir='ltr'>t&#39;apprendre</span> <span class='ocrx_word' id='word_1_126' title='bbox 1028 1666 1072 1706; x_wconf 82' lang='lat' dir='ltr'>ma</span> <span class='ocrx_word' id='word_1_127' title='bbox 1088 1657 1169 1706; x_wconf 88' lang='lat' dir='ltr'>mort.</span> <span class='ocrx_word' id='word_1_128' title='bbox 1192 1648 1228 1706; x_wconf 85' lang='lat' dir='ltr'>Ge</span> <span class='ocrx_word' id='word_1_129' title='bbox 1247 1666 1308 1706; x_wconf 84' lang='lat' dir='ltr'>sem</span> <span class='ocrx_word' id='word_1_130' title='bbox 1321 1651 1384 1706; x_wconf 91' lang='lat' dir='ltr'>moi·</span> 
     </span>
     <span class='ocr_line' id='line_1_14' title="bbox 433 1741 1385 1823; baseline 0.006 -30"><span class='ocrx_word' id='word_1_131' title='bbox 433 1759 446 1792; x_wconf 72' lang='lat' dir='ltr'>r</span> <span class='ocrx_word' id='word_1_132' title='bbox 461 1741 559 1810; x_wconf 74' lang='lat' dir='ltr'>meme,</span> <span class='ocrx_word' id='word_1_133' title='bbox 575 1743 637 1798; x_wconf 89' lang='lat' dir='ltr'>n&#39;en</span> <span class='ocrx_word' id='word_1_134' title='bbox 650 1742 728 1798; x_wconf 91' lang='lat' dir='ltr'>doute</span> <span class='ocrx_word' id='word_1_135' title='bbox 743 1757 799 1814; x_wconf 84' lang='lat' dir='ltr'>pas,</span> <span class='ocrx_word' id='word_1_136' title='bbox 815 1742 862 1814; x_wconf 89' lang='lat' dir='ltr'>qui</span> <span class='ocrx_word' id='word_1_137' title='bbox 880 1757 923 1797; x_wconf 90' lang='lat' dir='ltr'>me</span> <span class='ocrx_word' id='word_1_138' title='bbox 939 1741 1082 1798; x_wconf 84' lang='lat' dir='ltr'>montrerei</span> <span class='ocrx_word' id='word_1_139' title='bbox 1096 1742 1190 1798; x_wconf 83' lang='lat' dir='ltr'>deuant</span> <span class='ocrx_word' id='word_1_140' title='bbox 1205 1742 1246 1798; x_wconf 90' lang='lat' dir='ltr'>toi</span> <span class='ocrx_word' id='word_1_141' title='bbox 1260 1759 1332 1823; x_wconf 78' lang='lat' dir='ltr'>pour</span> <span class='ocrx_word' id='word_1_142' title='bbox 1343 1759 1385 1799; x_wconf 87' lang='lat' dir='ltr'>re·</span> 
     </span>
     <span class='ocr_line' id='line_1_15' title="bbox 433 1833 1383 1907; baseline 0.003 -21"><span class='ocrx_word' id='word_1_143' title='bbox 433 1853 444 1886; x_wconf 76' lang='grc' dir='ltr'>ι</span> <span class='ocrx_word' id='word_1_144' title='bbox 460 1835 544 1904; x_wconf 77' lang='lat' dir='ltr'>peine</span> <span class='ocrx_word' id='word_1_145' title='bbox 556 1842 594 1892; x_wconf 82' lang='lat' dir='ltr'>tes</span> <span class='ocrx_word' id='word_1_146' title='bbox 607 1851 674 1907; x_wconf 73' lang='lat' dir='ltr'>peuri</span> <span class='ocrx_word' id='word_1_147' title='bbox 683 1834 770 1891; x_wconf 88' lang='lat' dir='ltr'>cruels</span> <span class='ocrx_word' id='word_1_148' title='bbox 782 1835 816 1890; x_wconf 90' lang='lat' dir='ltr'>de</span> <span class='ocrx_word' id='word_1_149' title='bbox 824 1851 884 1893; x_wconf 87' lang='lat' dir='ltr'>mes</span> <span class='ocrx_word' id='word_1_150' title='bbox 893 1841 976 1891; x_wconf 84' lang='lat' dir='ltr'>restes</span> <span class='ocrx_word' id='word_1_151' title='bbox 989 1834 1126 1890; x_wconf 76' lang='lat' dir='ltr'>inanimes.</span> <span class='ocrx_word' id='word_1_152' title='bbox 1137 1834 1170 1891; x_wconf 81' lang='lat' dir='ltr'>Et</span> <span class='ocrx_word' id='word_1_153' title='bbox 1182 1851 1258 1901; x_wconf 81' lang='lat' dir='ltr'>vous,</span> <span class='ocrx_word' id='word_1_154' title='bbox 1271 1833 1383 1893; x_wconf 73' lang='lat' dir='ltr'>odiens!</span> 
     </span>
     <span class='ocr_line' id='line_1_16' title="bbox 432 1925 1386 1993; baseline 0.005 -15"><span class='ocrx_word' id='word_1_155' title='bbox 432 1944 446 1978; x_wconf 75' lang='lat' dir='ltr'>e</span> <span class='ocrx_word' id='word_1_156' title='bbox 461 1926 485 1983; x_wconf 93' lang='lat' dir='ltr'>si</span> <span class='ocrx_word' id='word_1_157' title='bbox 499 1928 524 1984; x_wconf 90' lang='lat' dir='ltr'>ie</span> <span class='ocrx_word' id='word_1_158' title='bbox 538 1933 593 1984; x_wconf 89' lang='lat' dir='ltr'>sort</span> <span class='ocrx_word' id='word_1_159' title='bbox 609 1927 656 1985; x_wconf 89' lang='lat' dir='ltr'>des</span> <span class='ocrx_word' id='word_1_160' title='bbox 668 1927 777 1984; x_wconf 87' lang='lat' dir='ltr'>morteis</span> <span class='ocrx_word' id='word_1_161' title='bbox 793 1944 858 1984; x_wconf 88' lang='lat' dir='ltr'>vous</span> <span class='ocrx_word' id='word_1_162' title='bbox 874 1928 979 1993; x_wconf 80' lang='lat' dir='ltr'>touche,</span> <span class='ocrx_word' id='word_1_163' title='bbox 997 1943 1201 1984; x_wconf 80' lang='lat' dir='ltr'>souveneu-vous</span> <span class='ocrx_word' id='word_1_164' title='bbox 1221 1926 1257 1983; x_wconf 88' lang='lat' dir='ltr'>de</span> <span class='ocrx_word' id='word_1_165' title='bbox 1273 1926 1339 1985; x_wconf 87' lang='lat' dir='ltr'>moi.</span> <span class='ocrx_word' id='word_1_166' title='bbox 1354 1925 1386 1983; x_wconf 70' lang='lat' dir='ltr'>le</span> 
     </span>
     <span class='ocr_line' id='line_1_17' title="bbox 434 2016 1385 2092; baseline 0.006 -21"><span class='ocrx_word' id='word_1_167' title='bbox 434 2019 555 2089; x_wconf 78' lang='lat' dir='ltr'>«langue</span> <span class='ocrx_word' id='word_1_168' title='bbox 575 2035 609 2081; x_wconf 90' lang='lat' dir='ltr'>ne</span> <span class='ocrx_word' id='word_1_169' title='bbox 628 2019 725 2076; x_wconf 83' lang='lat' dir='ltr'>seumit</span> <span class='ocrx_word' id='word_1_170' title='bbox 743 2021 875 2092; x_wconf 74' lang='lat' dir='ltr'>exprimet</span> <span class='ocrx_word' id='word_1_171' title='bbox 890 2019 1006 2077; x_wconf 82' lang='lat' dir='ltr'>d&#39;autres</span> <span class='ocrx_word' id='word_1_172' title='bbox 1027 2035 1114 2076; x_wconf 80' lang='lat' dir='ltr'>uoeux.</span> <span class='ocrx_word' id='word_1_173' title='bbox 1133 2016 1220 2075; x_wconf 64' lang='lat' dir='ltr'>taire</span> <span class='ocrx_word' id='word_1_174' title='bbox 1239 2019 1312 2077; x_wconf 77' lang='lat' dir='ltr'>vitre</span> <span class='ocrx_word' id='word_1_175' title='bbox 1329 2033 1385 2076; x_wconf 85' lang='lat' dir='ltr'>mou</span> 
     </span>
     <span class='ocr_line' id='line_1_18' title="bbox 433 2111 1385 2184; baseline 0.002 -20"><span class='ocrx_word' id='word_1_176' title='bbox 433 2131 445 2164; x_wconf 74' lang='lat' dir='ltr'>r</span> <span class='ocrx_word' id='word_1_177' title='bbox 461 2127 525 2165; x_wconf 85' lang='lat' dir='ltr'>nonr</span> <span class='ocrx_word' id='word_1_178' title='bbox 540 2111 606 2167; x_wconf 86' lang='lat' dir='ltr'>dans</span> <span class='ocrx_word' id='word_1_179' title='bbox 616 2128 653 2168; x_wconf 91' lang='lat' dir='ltr'>un</span> <span class='ocrx_word' id='word_1_180' title='bbox 665 2111 726 2183; x_wconf 84' lang='lat' dir='ltr'>long</span> <span class='ocrx_word' id='word_1_181' title='bbox 738 2113 837 2178; x_wconf 83' lang='lat' dir='ltr'>nvenir,</span> <span class='ocrx_word' id='word_1_182' title='bbox 852 2118 880 2168; x_wconf 89' lang='lat' dir='ltr'>et</span> <span class='ocrx_word' id='word_1_183' title='bbox 893 2111 1018 2184; x_wconf 71' lang='lat' dir='ltr'>ajoutere</span> <span class='ocrx_word' id='word_1_184' title='bbox 1027 2111 1212 2168; x_wconf 76' lang='lat' dir='ltr'>mememoire</span> <span class='ocrx_word' id='word_1_185' title='bbox 1223 2127 1256 2169; x_wconf 87' lang='lat' dir='ltr'>oe</span> <span class='ocrx_word' id='word_1_186' title='bbox 1265 2127 1385 2184; x_wconf 76' lang='lat' dir='ltr'>quemn</span> 
     </span>
     <span class='ocr_line' id='line_1_19' title="bbox 433 2203 1129 2276; baseline -0.001 -17"><span class='ocrx_word' id='word_1_187' title='bbox 433 2221 519 2260; x_wconf 79' lang='lat' dir='ltr'>«nuez</span> <span class='ocrx_word' id='word_1_188' title='bbox 535 2203 673 2262; x_wconf 75' lang='lat' dir='ltr'>retranche</span> <span class='ocrx_word' id='word_1_189' title='bbox 688 2204 720 2261; x_wconf 91' lang='lat' dir='ltr'>de</span> <span class='ocrx_word' id='word_1_190' title='bbox 735 2219 792 2260; x_wconf 91' lang='lat' dir='ltr'>mes</span> <span class='ocrx_word' id='word_1_191' title='bbox 803 2203 913 2276; x_wconf 73' lang='lat' dir='ltr'>jons.»</span> <span class='ocrx_word' id='word_1_192' title='bbox 1119 2203 1129 2219; x_wconf 88' lang='lat'>’</span> 
     </span>
    </p>

    <p class='ocr_par' dir='ltr' id='par_1_3' title="bbox 469 2296 1384 2372">
     <span class='ocr_line' id='line_1_20' title="bbox 469 2296 1384 2372; baseline 0.004 -21"><span class='ocrx_word' id='word_1_193' title='bbox 469 2316 481 2350; x_wconf 73' lang='grc' dir='ltr'>ι</span> <span class='ocrx_word' id='word_1_194' title='bbox 499 2297 572 2354; x_wconf 76' lang='lat' dir='ltr'>toes</span> <span class='ocrx_word' id='word_1_195' title='bbox 586 2302 664 2365; x_wconf 74' lang='lat' dir='ltr'>mois,</span> <span class='ocrx_word' id='word_1_196' title='bbox 679 2297 718 2354; x_wconf 87' lang='lat' dir='ltr'>ies</span> <span class='ocrx_word' id='word_1_197' title='bbox 729 2313 796 2370; x_wconf 71' lang='lat' dir='ltr'>yeux</span> <span class='ocrx_word' id='word_1_198' title='bbox 808 2297 878 2355; x_wconf 75' lang='lat' dir='ltr'>leves</span> <span class='ocrx_word' id='word_1_199' title='bbox 892 2303 919 2354; x_wconf 86' lang='lat' dir='ltr'>et</span> <span class='ocrx_word' id='word_1_200' title='bbox 936 2298 974 2354; x_wconf 87' lang='lat' dir='ltr'>ies</span> <span class='ocrx_word' id='word_1_201' title='bbox 988 2297 1049 2355; x_wconf 79' lang='lat' dir='ltr'>brus</span> <span class='ocrx_word' id='word_1_202' title='bbox 1064 2296 1160 2356; x_wconf 63' lang='lat' dir='ltr'>nudus</span> <span class='ocrx_word' id='word_1_203' title='bbox 1173 2310 1237 2354; x_wconf 81' lang='lat' dir='ltr'>vers</span> <span class='ocrx_word' id='word_1_204' title='bbox 1249 2298 1290 2356; x_wconf 88' lang='lat' dir='ltr'>les</span> <span class='ocrx_word' id='word_1_205' title='bbox 1303 2302 1384 2372; x_wconf 79' lang='lat' dir='ltr'>portes</span> 
     </span>
    </p>
   </div>
   <div class='ocr_carea' id='block_1_3' title="bbox 479 2471 1287 3796">
    <p class='ocr_par' dir='ltr' id='par_1_4' title="bbox 534 2471 1085 2532">
     <span class='ocr_line' id='line_1_21' title="bbox 534 2471 1085 2532; baseline -0.009 -12"><span class='ocrx_word' id='word_1_206' title='bbox 534 2475 628 2532; x_wconf 75' lang='lat' dir='ltr'>Spernit,</span> <span class='ocrx_word' id='word_1_207' title='bbox 642 2481 664 2518; x_wconf 88' lang='lat' dir='ltr'>et</span> <span class='ocrx_word' id='word_1_208' title='bbox 675 2474 759 2527; x_wconf 83' lang='lat' dir='ltr'>irridet,</span> <span class='ocrx_word' id='word_1_209' title='bbox 773 2475 884 2530; x_wconf 50' lang='lat' dir='ltr'>iustisque¹</span> <span class='ocrx_word' id='word_1_210' title='bbox 893 2474 1015 2518; x_wconf 80' lang='lat' dir='ltr'>immitibus</span> <span class='ocrx_word' id='word_1_211' title='bbox 1027 2471 1085 2518; x_wconf 80' lang='lat' dir='ltr'>addit</span> 
     </span>
    </p>

    <p class='ocr_par' dir='ltr' id='par_1_5' title="bbox 535 2541 1285 2601">
     <span class='ocr_line' id='line_1_22' title="bbox 535 2541 1285 2601; baseline -0.003 -13"><span class='ocrx_word' id='word_1_212' title='bbox 535 2545 603 2588; x_wconf 75' lang='lat' dir='ltr'>t‘erirn</span> <span class='ocrx_word' id='word_1_213' title='bbox 614 2546 707 2601; x_wconf 80' lang='lat' dir='ltr'>superbe</span> <span class='ocrx_word' id='word_1_214' title='bbox 718 2544 784 2599; x_wconf 80' lang='lat' dir='ltr'>ferox,</span> <span class='ocrx_word' id='word_1_215' title='bbox 797 2552 820 2588; x_wconf 89' lang='lat' dir='ltr'>et</span> <span class='ocrx_word' id='word_1_216' title='bbox 830 2557 869 2601; x_wconf 92' lang='lat' dir='ltr'>spe</span> <span class='ocrx_word' id='word_1_217' title='bbox 881 2556 969 2601; x_wconf 78' lang='lat' dir='ltr'>quoque</span> <span class='ocrx_word' id='word_1_218' title='bbox 978 2541 1065 2587; x_wconf 80' lang='lat' dir='ltr'>fraudet</span> <span class='ocrx_word' id='word_1_219' title='bbox 1074 2548 1193 2587; x_wconf 77' lang='lat' dir='ltr'>amentem.</span> <span class='ocrx_word' id='word_1_220' title='bbox 1242 2541 1285 2587; x_wconf 78' lang='lat'>715</span> 
     </span>
    </p>

    <p class='ocr_par' dir='ltr' id='par_1_6' title="bbox 534 2612 1057 2671">
     <span class='ocr_line' id='line_1_23' title="bbox 534 2612 1057 2671; baseline -0.002 -14"><span class='ocrx_word' id='word_1_221' title='bbox 534 2616 580 2658; x_wconf 84' lang='lat' dir='ltr'>iton</span> <span class='ocrx_word' id='word_1_222' title='bbox 593 2616 645 2658; x_wconf 84' lang='lat' dir='ltr'>tulit</span> <span class='ocrx_word' id='word_1_223' title='bbox 656 2616 773 2671; x_wconf 80' lang='lat' dir='ltr'>impatiens</span> <span class='ocrx_word' id='word_1_224' title='bbox 785 2615 843 2671; x_wconf 83' lang='lat' dir='ltr'>longi</span> <span class='ocrx_word' id='word_1_225' title='bbox 857 2621 965 2659; x_wconf 85' lang='lat' dir='ltr'>tormenta</span> <span class='ocrx_word' id='word_1_226' title='bbox 977 2612 1057 2658; x_wconf 86' lang='lat' dir='ltr'>doloris</span> 
     </span>
    </p>

    <p class='ocr_par' dir='ltr' id='par_1_7' title="bbox 533 2683 1112 2741">
     <span class='ocr_line' id='line_1_24' title="bbox 533 2683 1112 2741; baseline -0.007 -11"><span class='ocrx_word' id='word_1_227' title='bbox 533 2686 600 2741; x_wconf 81' lang='lat' dir='ltr'>lphis,</span> <span class='ocrx_word' id='word_1_228' title='bbox 612 2691 634 2729; x_wconf 89' lang='lat' dir='ltr'>ot</span> <span class='ocrx_word' id='word_1_229' title='bbox 647 2692 698 2730; x_wconf 80' lang='lat' dir='ltr'>unte</span> <span class='ocrx_word' id='word_1_230' title='bbox 712 2687 768 2730; x_wconf 85' lang='lat' dir='ltr'>sores</span> <span class='ocrx_word' id='word_1_231' title='bbox 782 2686 828 2730; x_wconf 85' lang='lat' dir='ltr'>haeo</span> <span class='ocrx_word' id='word_1_232' title='bbox 839 2686 904 2729; x_wconf 85' lang='lat' dir='ltr'>verbe</span> <span class='ocrx_word' id='word_1_233' title='bbox 916 2684 1031 2728; x_wconf 83' lang='lat' dir='ltr'>novissime</span> <span class='ocrx_word' id='word_1_234' title='bbox 1043 2683 1112 2727; x_wconf 78' lang='lat' dir='ltr'>dixit:</span> 
     </span>
    </p>

    <p class='ocr_par' dir='ltr' id='par_1_8' title="bbox 536 2753 1171 2812">
     <span class='ocr_line' id='line_1_25' title="bbox 536 2753 1171 2812; baseline -0.009 -12"><span class='ocrx_word' id='word_1_235' title='bbox 536 2771 547 2795; x_wconf 81' lang='grc' dir='ltr'>ι</span> <span class='ocrx_word' id='word_1_236' title='bbox 560 2756 638 2807; x_wconf 80' lang='lat' dir='ltr'><strong>Vincis,</strong></span> <span class='ocrx_word' id='word_1_237' title='bbox 652 2758 780 2809; x_wconf 73' lang='lat' dir='ltr'>inurerete5</span> <span class='ocrx_word' id='word_1_238' title='bbox 793 2767 865 2811; x_wconf 88' lang='lat' dir='ltr'>neque</span> <span class='ocrx_word' id='word_1_239' title='bbox 874 2760 941 2812; x_wconf 74' lang='lat' dir='ltr'>erunt</span> <span class='ocrx_word' id='word_1_240' title='bbox 955 2754 996 2797; x_wconf 87' lang='lat' dir='ltr'>tibi</span> <span class='ocrx_word' id='word_1_241' title='bbox 1007 2753 1070 2797; x_wconf 81' lang='lat' dir='ltr'>taedia</span> <span class='ocrx_word' id='word_1_242' title='bbox 1083 2754 1171 2797; x_wconf 77' lang='lat' dir='ltr'>tundent</span> 
     </span>
    </p>

    <p class='ocr_par' dir='ltr' id='par_1_9' title="bbox 536 2824 1082 2881">
     <span class='ocr_line' id='line_1_26' title="bbox 536 2824 1082 2881; baseline -0.007 -11"><span class='ocrx_word' id='word_1_243' title='bbox 536 2845 546 2865; x_wconf 68' lang='grc' dir='ltr'>ι</span> <span class='ocrx_word' id='word_1_244' title='bbox 562 2827 608 2870; x_wconf 80' lang='lat' dir='ltr'>Ulia</span> <span class='ocrx_word' id='word_1_245' title='bbox 620 2826 708 2871; x_wconf 80' lang='lat' dir='ltr'>terenda</span> <span class='ocrx_word' id='word_1_246' title='bbox 720 2827 770 2871; x_wconf 89' lang='lat' dir='ltr'>mei.</span> <span class='ocrx_word' id='word_1_247' title='bbox 783 2827 852 2869; x_wconf 79' lang='lat' dir='ltr'>Lntos</span> <span class='ocrx_word' id='word_1_248' title='bbox 864 2827 940 2869; x_wconf 87' lang='lat' dir='ltr'>molire</span> <span class='ocrx_word' id='word_1_249' title='bbox 953 2824 1082 2881; x_wconf 86' lang='lat' dir='ltr'>triumphos,</span> 
     </span>
    </p>

    <p class='ocr_par' dir='ltr' id='par_1_10' title="bbox 479 2893 1285 3022">
     <span class='ocr_line' id='line_1_27' title="bbox 537 2893 1285 2952; baseline 0.001 -16"><span class='ocrx_word' id='word_1_250' title='bbox 537 2915 547 2936; x_wconf 83' lang='grc'><strong>«</strong></span> <span class='ocrx_word' id='word_1_251' title='bbox 562 2896 588 2939; x_wconf 82' lang='lat' dir='ltr'>Et</span> <span class='ocrx_word' id='word_1_252' title='bbox 599 2898 674 2940; x_wconf 81' lang='lat' dir='ltr'>Paeenn</span> <span class='ocrx_word' id='word_1_253' title='bbox 686 2909 745 2949; x_wconf 84' lang='lat' dir='ltr'>vom,</span> <span class='ocrx_word' id='word_1_254' title='bbox 760 2896 873 2952; x_wconf 79' lang='lat' dir='ltr'>nitidaque</span> <span class='ocrx_word' id='word_1_255' title='bbox 885 2897 996 2951; x_wconf 76' lang='lat' dir='ltr'>incingere</span> <span class='ocrx_word' id='word_1_256' title='bbox 1007 2894 1076 2937; x_wconf 83' lang='lat' dir='ltr'>ioum.</span> <span class='ocrx_word' id='word_1_257' title='bbox 1240 2893 1285 2937; x_wconf 75' lang='lat'>&#39;12⁰</span> 
     </span>
     <span class='ocr_line' id='line_1_28' title="bbox 479 2964 1186 3022; baseline 0 -16"><span class='ocrx_word' id='word_1_258' title='bbox 479 2965 481 2970; x_wconf 89' lang='lat'>&#39;</span> <span class='ocrx_word' id='word_1_259' title='bbox 536 2967 630 3010; x_wconf 79' lang='lat' dir='ltr'>«Vincis</span> <span class='ocrx_word' id='word_1_260' title='bbox 643 2966 709 3018; x_wconf 90' lang='lat' dir='ltr'>enim,</span> <span class='ocrx_word' id='word_1_261' title='bbox 722 2968 849 3022; x_wconf 83' lang='lat' dir='ltr'>moriorque</span> <span class='ocrx_word' id='word_1_262' title='bbox 860 2967 938 3012; x_wconf 82' lang='lat' dir='ltr'>libens.</span> <span class='ocrx_word' id='word_1_263' title='bbox 951 2968 1001 3021; x_wconf 75' lang='lat' dir='ltr'>Age,</span> <span class='ocrx_word' id='word_1_264' title='bbox 1015 2967 1090 3016; x_wconf 82' lang='lat' dir='ltr'>ferrea,</span> <span class='ocrx_word' id='word_1_265' title='bbox 1104 2964 1186 3019; x_wconf 76' lang='lat' dir='ltr'>gaude.</span> 
     </span>
    </p>

    <p class='ocr_par' dir='ltr' id='par_1_11' title="bbox 535 3035 1064 3093">
     <span class='ocr_line' id='line_1_29' title="bbox 535 3035 1064 3093; baseline 0.002 -16"><span class='ocrx_word' id='word_1_266' title='bbox 535 3056 545 3077; x_wconf 69' lang='grc' dir='ltr'>ι</span> <span class='ocrx_word' id='word_1_267' title='bbox 558 3039 619 3081; x_wconf 80' lang='lat' dir='ltr'>terte</span> <span class='ocrx_word' id='word_1_268' title='bbox 630 3035 713 3092; x_wconf 79' lang='lat' dir='ltr'>aliquid</span> <span class='ocrx_word' id='word_1_269' title='bbox 724 3036 815 3082; x_wconf 81' lang='lat' dir='ltr'>laudare</span> <span class='ocrx_word' id='word_1_270' title='bbox 825 3038 869 3081; x_wconf 92' lang='lat' dir='ltr'>mei</span> <span class='ocrx_word' id='word_1_271' title='bbox 881 3036 970 3093; x_wconf 81' lang='lat' dir='ltr'>cogeris,</span> <span class='ocrx_word' id='word_1_272' title='bbox 980 3037 1064 3090; x_wconf 86' lang='lat' dir='ltr'>eritque</span> 
     </span>
    </p>

    <p class='ocr_par' dir='ltr' id='par_1_12' title="bbox 535 3104 1198 3162">
     <span class='ocr_line' id='line_1_30' title="bbox 535 3104 1198 3162; baseline -0.003 -14"><span class='ocrx_word' id='word_1_273' title='bbox 535 3108 602 3157; x_wconf 77' lang='lat' dir='ltr'>«Quo</span> <span class='ocrx_word' id='word_1_274' title='bbox 617 3106 657 3149; x_wconf 91' lang='lat' dir='ltr'>tibi</span> <span class='ocrx_word' id='word_1_275' title='bbox 668 3106 709 3150; x_wconf 85' lang='lat' dir='ltr'>sim</span> <span class='ocrx_word' id='word_1_276' title='bbox 721 3110 804 3162; x_wconf 82' lang='lat' dir='ltr'>gratus,</span> <span class='ocrx_word' id='word_1_277' title='bbox 819 3106 965 3160; x_wconf 88' lang='lat' dir='ltr'>meritumque</span> <span class='ocrx_word' id='word_1_278' title='bbox 979 3104 1074 3148; x_wconf 80' lang='lat' dir='ltr'>fatebere</span> <span class='ocrx_word' id='word_1_279' title='bbox 1089 3107 1198 3146; x_wconf 78' lang='lat' dir='ltr'>nostrum.</span> 
     </span>
    </p>

    <p class='ocr_par' dir='ltr' id='par_1_13' title="bbox 535 3176 1103 3227">
     <span class='ocr_line' id='line_1_31' title="bbox 535 3176 1103 3227; baseline 0.004 -11"><span class='ocrx_word' id='word_1_280' title='bbox 535 3195 545 3216; x_wconf 74' lang='grc' dir='ltr'>ι</span> <span class='ocrx_word' id='word_1_281' title='bbox 560 3176 605 3220; x_wconf 70' lang='lat' dir='ltr'>iton</span> <span class='ocrx_word' id='word_1_282' title='bbox 617 3181 689 3219; x_wconf 83' lang='lat' dir='ltr'>temen</span> <span class='ocrx_word' id='word_1_283' title='bbox 701 3181 751 3219; x_wconf 82' lang='lat' dir='ltr'>ante</span> <span class='ocrx_word' id='word_1_284' title='bbox 766 3177 799 3219; x_wconf 90' lang='lat' dir='ltr'>tui</span> <span class='ocrx_word' id='word_1_285' title='bbox 811 3176 972 3221; x_wconf 82' lang='lat' dir='ltr'>communisse</span> <span class='ocrx_word' id='word_1_286' title='bbox 986 3179 1103 3227; x_wconf 85' lang='lat' dir='ltr'>memento,</span> 
     </span>
    </p>

    <p class='ocr_par' dir='ltr' id='par_1_14' title="bbox 534 3238 1287 3300">
     <span class='ocr_line' id='line_1_32' title="bbox 534 3238 1287 3300; baseline 0.003 -16"><span class='ocrx_word' id='word_1_287' title='bbox 534 3262 544 3284; x_wconf 76' lang='grc' dir='ltr'>ι</span> <span class='ocrx_word' id='word_1_288' title='bbox 558 3246 624 3295; x_wconf 83' lang='lat' dir='ltr'>Quem</span> <span class='ocrx_word' id='word_1_289' title='bbox 636 3244 710 3296; x_wconf 85' lang='lat' dir='ltr'>vitam,</span> <span class='ocrx_word' id='word_1_290' title='bbox 720 3245 850 3300; x_wconf 79' lang='lat' dir='ltr'>geminaque</span> <span class='ocrx_word' id='word_1_291' title='bbox 862 3245 928 3288; x_wconf 89' lang='lat' dir='ltr'>simul</span> <span class='ocrx_word' id='word_1_292' title='bbox 940 3244 993 3287; x_wconf 90' lang='lat' dir='ltr'>mihi</span> <span class='ocrx_word' id='word_1_293' title='bbox 1005 3243 1053 3285; x_wconf 86' lang='lat' dir='ltr'>luce</span> <span class='ocrx_word' id='word_1_294' title='bbox 1065 3239 1196 3286; x_wconf 80' lang='lat' dir='ltr'>carendum.</span> <span class='ocrx_word' id='word_1_295' title='bbox 1242 3238 1287 3287; x_wconf 69' lang='lat'>725</span> 
     </span>
    </p>

    <p class='ocr_par' dir='ltr' id='par_1_15' title="bbox 534 3311 1102 3368">
     <span class='ocr_line' id='line_1_33' title="bbox 534 3311 1102 3368; baseline -0.009 -9"><span class='ocrx_word' id='word_1_296' title='bbox 534 3331 545 3354; x_wconf 76' lang='grc' dir='ltr'><strong><em>ι</em></strong></span> <span class='ocrx_word' id='word_1_297' title='bbox 559 3315 602 3359; x_wconf 79' lang='lat' dir='ltr'>uec</span> <span class='ocrx_word' id='word_1_298' title='bbox 614 3315 654 3359; x_wconf 89' lang='lat' dir='ltr'>tibi</span> <span class='ocrx_word' id='word_1_299' title='bbox 665 3314 722 3356; x_wconf 83' lang='lat' dir='ltr'>inmo</span> <span class='ocrx_word' id='word_1_300' title='bbox 734 3316 777 3359; x_wconf 91' lang='lat' dir='ltr'>mei</span> <span class='ocrx_word' id='word_1_301' title='bbox 791 3320 883 3359; x_wconf 82' lang='lat' dir='ltr'>venture</span> <span class='ocrx_word' id='word_1_302' title='bbox 894 3320 935 3368; x_wconf 85' lang='lat' dir='ltr'>est;</span> <span class='ocrx_word' id='word_1_303' title='bbox 948 3314 1025 3357; x_wconf 81' lang='lat' dir='ltr'>nuntia</span> <span class='ocrx_word' id='word_1_304' title='bbox 1041 3311 1102 3364; x_wconf 85' lang='lat' dir='ltr'>lethi,</span> 
     </span>
    </p>

    <p class='ocr_par' dir='ltr' id='par_1_16' title="bbox 534 3377 1216 3443">
     <span class='ocr_line' id='line_1_34' title="bbox 534 3377 1216 3443; baseline 0.003 -16"><span class='ocrx_word' id='word_1_305' title='bbox 534 3404 544 3427; x_wconf 69' lang='lat' dir='ltr'><strong><em>a</em></strong></span> <span class='ocrx_word' id='word_1_306' title='bbox 558 3386 605 3442; x_wconf 85' lang='lat' dir='ltr'>lpse</span> <span class='ocrx_word' id='word_1_307' title='bbox 616 3398 662 3442; x_wconf 79' lang='lat' dir='ltr'>ego,</span> <span class='ocrx_word' id='word_1_308' title='bbox 673 3397 700 3428; x_wconf 88' lang='lat' dir='ltr'>ne</span> <span class='ocrx_word' id='word_1_309' title='bbox 712 3382 807 3436; x_wconf 88' lang='lat' dir='ltr'>dubites,</span> <span class='ocrx_word' id='word_1_310' title='bbox 821 3385 894 3438; x_wconf 83' lang='lat' dir='ltr'>edero,</span> <span class='ocrx_word' id='word_1_311' title='bbox 909 3398 1050 3443; x_wconf 71' lang='lat' dir='ltr'>praesensque</span> <span class='ocrx_word' id='word_1_312' title='bbox 1059 3384 1159 3440; x_wconf 85' lang='lat' dir='ltr'>videbor,</span> <span class='ocrx_word' id='word_1_313' title='bbox 1211 3377 1216 3385; x_wconf 78' lang='grc'><strong><em>’</em></strong></span> 
     </span>
    </p>

    <p class='ocr_par' dir='ltr' id='par_1_17' title="bbox 533 3456 1095 3513">
     <span class='ocr_line' id='line_1_35' title="bbox 533 3456 1095 3513; baseline 0 -14"><span class='ocrx_word' id='word_1_314' title='bbox 533 3458 651 3511; x_wconf 82' lang='lat' dir='ltr'>«Corpore</span> <span class='ocrx_word' id='word_1_315' title='bbox 663 3460 688 3498; x_wconf 86' lang='lat' dir='ltr'>ut</span> <span class='ocrx_word' id='word_1_316' title='bbox 700 3456 792 3498; x_wconf 80' lang='lat' dir='ltr'>exanimi</span> <span class='ocrx_word' id='word_1_317' title='bbox 807 3457 903 3500; x_wconf 82' lang='lat' dir='ltr'>crudelia</span> <span class='ocrx_word' id='word_1_318' title='bbox 918 3458 1001 3501; x_wconf 83' lang='lat' dir='ltr'>lumina</span> <span class='ocrx_word' id='word_1_319' title='bbox 1014 3470 1095 3513; x_wconf 78' lang='lat' dir='ltr'>pascos.</span> 
     </span>
    </p>

    <p class='ocr_par' dir='ltr' id='par_1_18' title="bbox 535 3526 1064 3582">
     <span class='ocr_line' id='line_1_36' title="bbox 535 3526 1064 3582; baseline 0 -13"><span class='ocrx_word' id='word_1_320' title='bbox 535 3544 544 3564; x_wconf 73' lang='lat' dir='ltr'><strong><em>a</em></strong></span> <span class='ocrx_word' id='word_1_321' title='bbox 559 3528 579 3569; x_wconf 90' lang='lat' dir='ltr'>Si</span> <span class='ocrx_word' id='word_1_322' title='bbox 593 3532 672 3579; x_wconf 83' lang='lat' dir='ltr'>tomen,</span> <span class='ocrx_word' id='word_1_323' title='bbox 686 3539 698 3569; x_wconf 94' lang='lat' dir='ltr'>o</span> <span class='ocrx_word' id='word_1_324' title='bbox 709 3526 793 3582; x_wconf 86' lang='lat' dir='ltr'>Superi,</span> <span class='ocrx_word' id='word_1_325' title='bbox 806 3528 908 3571; x_wconf 81' lang='lat' dir='ltr'>mortalia</span> <span class='ocrx_word' id='word_1_326' title='bbox 920 3527 965 3572; x_wconf 82' lang='lat' dir='ltr'>sete</span> <span class='ocrx_word' id='word_1_327' title='bbox 977 3527 1064 3579; x_wconf 84' lang='lat' dir='ltr'>videtis,</span> 
     </span>
    </p>

    <p class='ocr_par' dir='ltr' id='par_1_19' title="bbox 534 3593 1286 3654">
     <span class='ocr_line' id='line_1_37' title="bbox 534 3593 1286 3654; baseline 0.004 -16"><span class='ocrx_word' id='word_1_328' title='bbox 534 3613 543 3634; x_wconf 78' lang='grc' dir='ltr'>ι</span> <span class='ocrx_word' id='word_1_329' title='bbox 559 3596 607 3639; x_wconf 82' lang='lat' dir='ltr'>Esto</span> <span class='ocrx_word' id='word_1_330' title='bbox 619 3597 661 3639; x_wconf 86' lang='lat' dir='ltr'>mei</span> <span class='ocrx_word' id='word_1_331' title='bbox 674 3609 780 3641; x_wconf 82' lang='lat' dir='ltr'>memores</span> <span class='ocrx_word' id='word_1_332' title='bbox 794 3598 859 3650; x_wconf 87' lang='lat' dir='ltr'>(nihii</span> <span class='ocrx_word' id='word_1_333' title='bbox 873 3598 929 3641; x_wconf 88' lang='lat' dir='ltr'>uitm</span> <span class='ocrx_word' id='word_1_334' title='bbox 942 3598 1016 3654; x_wconf 81' lang='lat' dir='ltr'>tingue</span> <span class='ocrx_word' id='word_1_335' title='bbox 1029 3597 1111 3653; x_wconf 79' lang='lat' dir='ltr'>precari</span> <span class='ocrx_word' id='word_1_336' title='bbox 1242 3593 1286 3642; x_wconf 71' lang='lat'>⁴1³0</span> 
     </span>
    </p>

    <p class='ocr_par' dir='ltr' id='par_1_20' title="bbox 533 3667 1164 3723">
     <span class='ocr_line' id='line_1_38' title="bbox 533 3667 1164 3723; baseline 0 -14"><span class='ocrx_word' id='word_1_337' title='bbox 533 3684 543 3703; x_wconf 88' lang='lat'>«</span> <span class='ocrx_word' id='word_1_338' title='bbox 558 3668 672 3720; x_wconf 80' lang='lat' dir='ltr'>Sustiiret);</span> <span class='ocrx_word' id='word_1_339' title='bbox 685 3672 707 3710; x_wconf 88' lang='lat' dir='ltr'>et</span> <span class='ocrx_word' id='word_1_340' title='bbox 719 3667 784 3723; x_wconf 82' lang='lat' dir='ltr'>longo</span> <span class='ocrx_word' id='word_1_341' title='bbox 797 3669 864 3712; x_wconf 80' lang='lat' dir='ltr'>tacite</span> <span class='ocrx_word' id='word_1_342' title='bbox 877 3673 903 3711; x_wconf 86' lang='lat' dir='ltr'>ut</span> <span class='ocrx_word' id='word_1_343' title='bbox 914 3678 1061 3712; x_wconf 83' lang='lat' dir='ltr'>memoremur</span> <span class='ocrx_word' id='word_1_344' title='bbox 1072 3668 1095 3709; x_wconf 93' lang='lat' dir='ltr'>in</span> <span class='ocrx_word' id='word_1_345' title='bbox 1110 3678 1164 3720; x_wconf 80' lang='lat' dir='ltr'>mro,</span> 
     </span>
    </p>

    <p class='ocr_par' dir='ltr' id='par_1_21' title="bbox 532 3736 1136 3796">
     <span class='ocr_line' id='line_1_39' title="bbox 532 3736 1136 3796; baseline 0 -18"><span class='ocrx_word' id='word_1_346' title='bbox 532 3754 542 3775; x_wconf 75' lang='grc' dir='ltr'>ι</span> <span class='ocrx_word' id='word_1_347' title='bbox 556 3736 589 3788; x_wconf 73' lang='lat' dir='ltr'>Et,</span> <span class='ocrx_word' id='word_1_348' title='bbox 601 3750 650 3792; x_wconf 80' lang='lat' dir='ltr'>qum</span> <span class='ocrx_word' id='word_1_349' title='bbox 664 3737 788 3794; x_wconf 79' lang='lat' dir='ltr'>dempsistis</span> <span class='ocrx_word' id='word_1_350' title='bbox 803 3740 859 3792; x_wconf 76' lang='lat' dir='ltr'>vitm,</span> <span class='ocrx_word' id='word_1_351' title='bbox 873 3740 922 3784; x_wconf 82' lang='lat' dir='ltr'>dete</span> <span class='ocrx_word' id='word_1_352' title='bbox 937 3745 1033 3796; x_wconf 84' lang='lat' dir='ltr'>tempore</span> <span class='ocrx_word' id='word_1_353' title='bbox 1044 3737 1136 3782; x_wconf 73' lang='lat' dir='ltr'>sonim.»</span> 
     </span>
    </p>
   </div>
   <div class='ocr_carea' id='block_1_4' title="bbox 531 3824 1132 3955">
    <p class='ocr_par' dir='ltr' id='par_1_22' title="bbox 531 3824 1132 3955">
     <span class='ocr_line' id='line_1_40' title="bbox 559 3824 1132 3886; baseline 0.007 -18"><span class='ocrx_word' id='word_1_354' title='bbox 559 3843 568 3862; x_wconf 72' lang='lat' dir='ltr'><em>a</em></span> <span class='ocrx_word' id='word_1_355' title='bbox 584 3825 644 3876; x_wconf 80' lang='lat' dir='ltr'>Dixit,</span> <span class='ocrx_word' id='word_1_356' title='bbox 658 3831 682 3876; x_wconf 56' lang='lat' dir='ltr'>et</span> <span class='ocrx_word' id='word_1_357' title='bbox 691 3824 716 3867; x_wconf 80' lang='lat' dir='ltr'>nd</span> <span class='ocrx_word' id='word_1_358' title='bbox 730 3833 801 3881; x_wconf 86' lang='lat' dir='ltr'>postes</span> <span class='ocrx_word' id='word_1_359' title='bbox 814 3834 901 3873; x_wconf 85' lang='lat' dir='ltr'>ornatos</span> <span class='ocrx_word' id='word_1_360' title='bbox 915 3842 971 3885; x_wconf 82' lang='lat' dir='ltr'>saepe</span> <span class='ocrx_word' id='word_1_361' title='bbox 982 3830 1074 3882; x_wconf 89' lang='lat' dir='ltr'>comnis,</span> <span class='ocrx_word' id='word_1_362' title='bbox 1128 3881 1132 3886; x_wconf 28' lang='lat'>¹</span> 
     </span>
     <span class='ocr_line' id='line_1_41' title="bbox 531 3894 1081 3955; baseline 0.009 -17"><span class='ocrx_word' id='word_1_363' title='bbox 531 3894 648 3939; x_wconf 77' lang='lat' dir='ltr'>Humentes</span> <span class='ocrx_word' id='word_1_364' title='bbox 662 3894 742 3948; x_wconf 80' lang='lat' dir='ltr'>oculos,</span> <span class='ocrx_word' id='word_1_365' title='bbox 754 3904 776 3940; x_wconf 87' lang='lat' dir='ltr'>ot</span> <span class='ocrx_word' id='word_1_366' title='bbox 791 3901 870 3955; x_wconf 77' lang='lat' dir='ltr'>pallida</span> <span class='ocrx_word' id='word_1_367' title='bbox 883 3901 971 3945; x_wconf 79' lang='lat' dir='ltr'>bruoliin</span> <span class='ocrx_word' id='word_1_368' title='bbox 983 3900 1081 3953; x_wconf 80' lang='lat' dir='ltr'>tendens,</span> 
     </span>
    </p>
   </div>
   <div class='ocr_carea' id='block_1_5' title="bbox 0 0 1696 4675">
    <p class='ocr_par' dir='ltr' id='par_1_23' title="bbox 0 0 1696 4675">
     <span class='ocr_line' id='line_1_42' title="bbox 0 0 1696 4675; baseline 0 0"><span class='ocrx_word' id='word_1_369' title='bbox 0 0 1696 4675; x_wconf 95' lang='lat' dir='ltr'> </span> 
     </span>
    </p>
   </div>
  </div>
 </body>
</html>
