3384 4675
667 580 669 584 ¹
729 517 826 587 cirne
847 519 897 568 nr.
1264 521 1295 571 oe

338 642 410 697 leurs
425 640 504 706 tetes,
521 646 547 696 et
563 655 617 710 peu
634 639 650 692 ia
666 654 717 710 peu
735 638 842 693 tereste
858 636 894 691 du
907 652 993 706 cripe,
1009 635 1114 706 jusqu’i
1131 653 1160 690 ce
1175 653 1233 707 apoc,
1249 655 1296 708 par

340 732 431 804 degres
444 730 611 795 insensibles,
622 745 657 785 on
671 729 707 785 ies
719 729 846 785 deoouvre
860 744 894 782 en
910 726 1003 792 entier,
1023 731 1049 781 et
1066 727 1148 798 qu’on
1161 730 1295 800 apercoivo

337 825 409 881 leuis
430 824 508 897 pieds
525 841 573 880 sur
592 825 617 878 le
634 821 699 877 bord
722 822 754 876 de
772 822 797 876 la
815 821 903 877 scene.
926 817 1026 889 Enraye
1039 836 1086 890 par
1102 837 1146 876 ces
1160 836 1294 877 noureaux

338 918 470 984 ennemis,
492 916 603 972 Cadmus
620 914 691 970 altait
704 914 780 970 saisir
799 929 841 970 ses
862 927 949 967 armes
963 926 970 966 ε
989 911 1051 968 «Nc
1064 913 1101 968 les
1120 914 1220 986 prends
1235 932 1292 988 pas,

337 1013 429 1068 s’ecrie
442 1026 481 1066 un
499 1010 545 1065 dee
563 1009 665 1064 entants
679 1008 712 1063 de
726 1009 752 1063 ia
764 1013 845 1072 terre,
858 1011 885 1060 et
901 1011 971 1060 nete
986 1005 1055 1060 mele
1069 1022 1115 1077 pas
1129 1007 1144 1062 ‘a
1160 1007 1205 1063 des
1217 1025 1294 1064 com-

338 1105 395 1161 bats
419 1103 550 1175 impies.»
574 1101 761 1173 beesmots,
788 1099 806 1153 il
830 1098 920 1169 trappe
940 1097 973 1152 de
994 1112 1043 1152 son
1062 1098 1124 1170 epee
1143 1115 1180 1154 un
1195 1099 1229 1156 de
1251 1119 1292 1159 ses

337 1199 434 1261 ireres,
452 1201 478 1250 et
490 1193 579 1250 tombe
592 1194 606 1248 'a
619 1210 668 1248 son
687 1198 746 1249 tour
765 1207 827 1246 sous
840 1205 877 1244 un
886 1187 990 1260 javelot.
1004 1188 1074 1244 Geloi
1097 1192 1142 1262 qui
1156 1191 1189 1247 l'a
1202 1194 1246 1249 tue
1259 1211 1293 1252 ne

337 1290 422 1348 survit
433 1304 480 1359 pas
501 1285 677 1356 longlempsi
695 1300 723 1339 sa
736 1283 850 1346 victime,
863 1288 889 1337 et
906 1281 973 1336 rend
991 1280 1016 1335 le
1032 1283 1124 1340 soufsse
1142 1283 1204 1355 qu'il
1223 1285 1293 1342 rient

337 1383 370 1437 de
387 1380 516 1438 reoeroir.
540 1378 575 1434 Ia
596 1380 687 1442 rueme
703 1378 795 1432 fureur
812 1377 939 1447 s'empare
956 1376 991 1432 du
1012 1378 1107 1450 peuple
1129 1377 1224 1434 entier.
1246 1379 1293 1434 Des

335 1477 419 1532 freres
440 1474 506 1529 d'un
517 1470 580 1543 jour
597 1470 810 1542 s'entr'egorgent
826 1486 886 1525 avec
899 1471 969 1525 leurs
978 1486 1085 1543 propres
1100 1486 1195 1535 annes,
1209 1478 1236 1526 et
1251 1488 1294 1528 ces

336 1567 468 1640 guerriers
485 1564 639 1635 ephemeres
653 1565 777 1620 heurtent
792 1561 850 1632 deji
864 1562 896 1617 de
914 1561 986 1618 leurs
1001 1561 1126 1633 poitrinee
1140 1562 1295 1633 palpitantes

335 1663 393 1718 leur
408 1661 486 1715 mere
500 1656 695 1728 cnsangiantee.
711 1655 732 1711 ll
743 1655 786 1726 n’y
801 1671 836 1710 eu
856 1661 901 1710 eut
915 1669 967 1725 que
982 1655 1043 1725 cinq
1055 1655 1100 1724 qui
1114 1655 1292 1713 surrecurent.

337 1761 370 1809 lte
381 1771 412 1810 ce
420 1752 535 1809 nombre
544 1751 584 1806 sut
595 1737 701 1806 Echion.
718 1748 767 1804 Par
779 1749 805 1804 le
818 1746 917 1803 conseit
928 1747 960 1802 de
972 1746 1090 1813 itinerar,
1103 1747 1121 1802 il
1137 1747 1185 1803 mit
1197 1747 1244 1804 bas
1256 1751 1294 1806 les

336 1841 432 1905 annes.
447 1845 468 1900 11
482 1843 610 1900 demanda
624 1850 651 1899 et
663 1842 779 1898 dormaia
796 1857 838 1898 ses
855 1841 936 1896 freres
956 1858 993 1896 un
1007 1856 1071 1913 gage
1084 1842 1117 1897 de
1133 1842 1202 1913 pain,
1222 1848 1249 1898 et
1260 1842 1294 1915 iis

336 1941 521 1999 s'associerent
532 1955 582 1994 aux
596 1943 699 1993 travaur
712 1938 745 1994 de
758 1934 870 1992 Cadmus
884 1953 951 2007 pour
964 1937 1056 1993 t'onder
1071 1937 1096 1992 ta
1107 1935 1167 1993 ville
1181 1953 1234 2009 que
1246 1938 1294 1994 l'o·

335 2036 403 2092 racle
416 2032 558 2105 d’bpolion
567 2032 626 2088 leur
636 2032 703 2088 avait
714 2031 833 2086 ordonne
843 2032 876 2087 de
890 2031 968 2086 bitin.

604 2197 692 2254 terion
709 2197 897 2252 rirauonrnosr'c
913 2214 943 2252 en
960 2215 1030 2266 epar.

338 2316 411 2396 „tit
431 2285 496 2397 bij-t
517 2320 666 2380 s'eievaieut
683 2321 722 2379 les
741 2337 817 2378 murs
837 2324 870 2379 de
884 2321 999 2389 Thebes3
1023 2321 1080 2395 dejci
1098 2329 1128 2379 tu
1148 2323 1294 2396 pouvais,b

440 2464 522 2507 Cetera
536 2463 649 2519 paulatim,
660 2462 790 2519 placidoque
800 2460 880 2507 educta
889 2469 964 2506 tenore

441 2534 496 2578 Tota
508 2539 592 2590 patent,
604 2534 693 2587 imoque
704 2530 769 2589 pedes
780 2532 803 2575 in
817 2532 913 2589 margine
925 2539 1016 2588 ponunt.

440 2602 543 2647 Territus
553 2603 615 2647 hoste
626 2614 684 2647 noro
697 2603 790 2647 Cadmus
800 2617 877 2661 capere
891 2617 950 2647 arma
962 2605 1052 2661 parabat
1064 2618 1070 2650 :
1152 2604 1191 2651 nt

442 2692 456 2715 ι
465 2676 496 2719 Ne
508 2687 567 2731 cape,
579 2674 606 2719 de
617 2675 704 2732 populo,
718 2688 783 2731 quern
795 2682 853 2719 terra
867 2682 987 2727 creaverat,
999 2689 1058 2721 unus

441 2745 561 2799 Exclamat,
572 2758 612 2789 nec
624 2752 648 2790 te
658 2746 760 2789 civilibus
772 2747 846 2790 insere
857 2746 928 2790 beilis.
940 2763 951 2786 »

441 2819 513 2872 Atque
525 2818 554 2859 ita
568 2817 685 2873 terrigenis
698 2817 768 2874 rigido
779 2817 806 2861 de
819 2818 926 2861 iratribus
940 2831 1009 2861 unum

440 2887 607 2931 Cominuseuse
618 2888 681 2939 terit;
697 2888 768 2943 jaculo
778 2888 838 2931 cadit
850 2889 938 2933 eminus
952 2890 1005 2945 ipse.

441 2956 484 3000 Hic
497 2969 592 3013 quoque,
607 2958 645 3014 qui
658 2958 719 3002 letbo
733 2957 830 3012 dederat,
845 2971 891 3002 nou
901 2959 987 3014 longius
997 2959 1035 3002 itlo
1151 2959 1191 3005 tac

440 3025 509 3080 Vivit,
523 3035 546 3071 et
558 3028 661 3083 exspirat,
677 3023 741 3072 ruodo
752 3042 808 3085 quas
820 3036 940 3084 acceperet,
953 3042 1024 3083 nurus,

440 3098 590 3154 Exemploque
601 3100 649 3155 pari
663 3098 706 3142 suit
717 3099 788 3143 omnis
802 3099 876 3151 turba,
888 3113 971 3157 suoque

441 3167 512 3213 uarie
524 3169 604 3213 eadunt
616 3170 685 3213 subiti
697 3182 735 3226 per
749 3177 827 3213 mutua
840 3171 931 3214 vulnera
944 3170 1030 3215 iratres.

440 3240 534 3294 Jamque
545 3240 615 3282 brevis
629 3240 724 3296 epatium
736 3240 787 3283 vita
801 3240 879 3283 sortita
890 3238 995 3294 juventus

440 3312 588 3364 sanguineam
600 3310 686 3365 trepido
700 3310 833 3366 plangebant
847 3318 934 3366 pectore
946 3319 1044 3362 matrem,
1151 3309 1190 3357 115

440 3382 546 3434 Quinque
559 3381 727 3438 superstitibus,
738 3394 834 3437 quorum
847 3381 889 3424 fuit
903 3394 961 3425 unus
972 3381 1060 3425 Echion.

441 3454 463 3498 Is
478 3463 518 3495 sua
528 3451 579 3506 jecit
588 3452 659 3503 humi,
670 3452 757 3495 monitu
767 3452 893 3501 Tritonidis.
905 3464 973 3503 arma,
1007 3450 1009 3453 ’

441 3520 595 3579 Fratemaeque
607 3521 672 3567 fidem
682 3522 741 3579 pacis
754 3523 871 3579 petiitque,
882 3523 996 3579 deditque.

439 3596 485 3639 flos
497 3595 567 3650 operis
576 3594 665 3637 comites
676 3594 755 3637 hebuit
764 3594 865 3638 sidonius
877 3595 965 3649 hospes,

438 3667 513 3716 Quum
523 3667 597 3722 posuit
605 3666 689 3721 iussam
702 3665 798 3720 phaebeis
809 3665 907 3708 sortibus
916 3666 1000 3709 urbem.
1147 3668 1189 3713 150

610 3771 700 3805 uereor
716 3770 739 3804 nr
754 3770 841 3805 cenauit
857 3769 1022 3805 couvenrrrun.

395 3843 435 3891 111.
465 3845 515 3889 tam
525 3844 612 3888 stabant
623 3844 707 3889 Thebe.
718 3844 869 3898 contestani,
880 3844 968 3899 Cadme,
980 3844 1047 3889 videri
