3384 4675
425 533 469 585 aas
545 592 553 604 ,
739 524 1042 586 riarnuonruosos.

428 653 568 707 ramenait
584 653 644 723 pres
662 652 760 706 denuoi
777 651 865 723 Uipsse
879 668 914 707 ou
933 649 1077 722 quelqu'un
1092 650 1126 705 de
1142 666 1185 706 sco
1199 667 1376 725 compagnons

392 785 397 794 .
428 760 501 799 usur
518 746 564 816 qui
581 745 608 816 je
625 759 703 816 pusse
724 743 841 799 assouvir
860 758 903 798 ma
925 743 1029 798 fureur!
1058 742 1084 797 Si
1099 742 1127 814 je
1139 745 1249 814 pouvais
1270 745 1376 801 devorer

429 855 441 886 n
455 837 526 892 leurs
542 836 682 901 entrailieS,
698 835 817 891 dechirer
829 836 863 891 dc
873 852 930 890 mes
944 828 1028 891 mains
1039 836 1111 891 leurs
1122 837 1259 894 membres
1270 839 1375 903 vivaco,

428 946 441 981 r
455 928 527 986 boire
541 930 599 985 leur
612 945 675 1000 sang
688 930 703 983 a
714 928 789 999 lougs
802 929 878 985 traits
892 934 918 984 et
931 929 1102 1000 broyerieurs
1112 944 1141 984 os
1151 945 1215 984 sous
1226 946 1286 986 mes
1294 931 1374 996 denis

428 1041 440 1073 r
455 1023 574 1078 combieu
584 1038 634 1092 peu
643 1021 670 1092 jc
683 1021 847 1092 regretterais
856 1021 939 1077 d‘etre
951 1021 1023 1093 privo
1035 1020 1068 1076 de
1081 1022 1104 1076 la
1119 1021 1201 1077 clane
1214 1021 1252 1076 du
1263 1021 1335 1092 jour,
1346 1040 1377 1079 ou

429 1133 440 1163 o
455 1114 574 1170 combieu
586 1120 653 1169 cette
663 1121 738 1185 perte
755 1129 798 1168 me
815 1113 948 1186 paraitrait
963 1113 1064 1183 le'gere!
1079 1133 1091 1166 a
1104 1113 1125 1167 A
1138 1129 1182 1169 ces
1195 1114 1377 1186 imprcoations

425 1204 451 1260 le
472 1208 594 1262 sarouche
617 1205 725 1276 Cyclope
750 1222 782 1260 en
803 1206 889 1277 ajouta
908 1205 1042 1278 beaucoup
1063 1204 1186 1262 d'autres.
1208 1206 1378 1279 L'epouvaute

425 1299 552 1371 s’empara
568 1301 600 1356 de
611 1299 664 1355 moi
678 1300 764 1372 quand
775 1299 802 1371 je
816 1299 855 1354 vis
870 1314 899 1352 sa
913 1299 1014 1354 bouche
1027 1297 1197 1369 dbgouttantc
1212 1299 1248 1354 de
1260 1315 1377 1370 sarnago,

425 1407 467 1447 sos
485 1391 570 1467 mains
586 1391 705 1454 auelles,
723 1406 772 1446 son
786 1389 870 1445 orbite
884 1389 1003 1454 aifreuse,
1021 1406 1064 1444 ses
1082 1389 1216 1446 membres
1229 1391 1379 1463 eifmyables

426 1489 454 1538 et
466 1500 494 1538 sa
507 1479 587 1539 barbe
600 1483 712 1539 inondee
727 1482 759 1538 de
777 1498 840 1553 sang
858 1481 976 1538 humain.
989 1482 1079 1538 J'avais
1091 1484 1117 1539 la
1131 1487 1202 1539 mort
1217 1483 1315 1540 devant
1324 1499 1379 1540 mes

426 1593 508 1648 peux3
524 1576 590 1632 mais
603 1577 636 1632 dc
647 1581 707 1632 tous
725 1590 783 1630 mes
796 1591 875 1631 maus
886 1576 972 1631 c'etait
988 1576 1013 1630 le
1024 1574 1154 1631 moindre.
1172 1576 1201 1632 Je
1217 1592 1264 1632 me
1275 1577 1379 1648 iig‘urais

427 1686 478 1742 que
487 1669 511 1724 le
526 1676 645 1726 monstre
658 1669 728 1725 aliait
738 1684 782 1724 me
797 1669 872 1724 saisir
886 1675 913 1724 et
926 1669 1093 1740 m'engloutir
1103 1669 1167 1724 dans
1182 1685 1226 1724 ses
1240 1671 1379 1726 eutrailics.

427 1761 456 1821 Je
469 1777 513 1816 me
521 1762 717 1833 representaisa
731 1763 832 1833 chaque
843 1762 941 1816 instant
949 1777 979 1816 ce
987 1760 1048 1832 jour
1062 1761 1098 1817 ou
1109 1760 1137 1831 je
1149 1761 1187 1816 vis
1200 1762 1271 1819 deux
1281 1763 1316 1819 de
1328 1779 1382 1820 mes

423 1851 603 1925 'compagnons
617 1856 682 1910 trois
699 1862 725 1910 ct
740 1862 833 1926 quatre
848 1855 897 1911 fois
914 1855 1000 1909 lauces
1014 1859 1104 1909 contre
1119 1859 1199 1919 terre,
1213 1855 1378 1929 Polypheme,

428 1947 539 2002 acharmi
552 1963 598 2002 sur
611 1963 661 2002 eux
672 1963 774 2002 comme
784 1965 823 2003 un
831 1949 886 2003 lion
900 1946 1015 2012 terrible,
1026 1934 1155 2003 cnsevelir
1165 1947 1231 2004 dans
1244 1950 1269 2004 ie
1283 1951 1382 2020 goufire
1398 1924 1405 1942 ’

366 2070 370 2078 -
429 2038 462 2095 de
474 2055 522 2094 sna
534 2045 625 2095 ventre
642 2040 711 2095 leurs
728 2042 870 2107 entrailies,
888 2041 959 2095 leurs
975 2038 1070 2104 chains,
1083 2039 1154 2094 leurs
1166 2055 1206 2106 os,
1219 2041 1278 2097 leur
1290 2044 1382 2099 moelle

430 2138 456 2188 et
466 2134 537 2188 leurs
547 2132 680 2187 membres
691 2133 839 2204 palpitaats.
853 2131 927 2186 Giace
939 2131 973 2186 de
986 2134 1098 2196 terrem,
1110 2131 1193 2203 j'eiais
1208 2148 1316 2202 marne,
1334 2135 1383 2190 im-

429 2224 536 2282 mobile.
552 2225 590 2280 En
604 2232 699 2296 uopant
712 2228 737 2280 le
753 2225 863 2297 Cyclope
884 2224 992 2280 devorer
1014 2239 1057 2278 ees
1078 2229 1148 2280 mets
1160 2227 1347 2298 eusanglantes
1360 2234 1383 2283 et

430 2317 468 2373 les
481 2318 622 2374 vomissant
634 2334 694 2374 avec
711 2318 757 2374 des
777 2318 837 2373 ssois
849 2317 883 2373 de
902 2315 955 2381 vin,
973 2316 1130 2388 j'attendais,
1146 2316 1232 2402 helas!
1252 2319 1279 2375 le
1299 2323 1382 2378 meme

536 2535 545 2558 a
559 2520 600 2560 Aut
611 2517 705 2571 aliquem
719 2530 730 2558 o
742 2518 813 2568 sociis,
828 2518 849 2559 in
863 2528 928 2571 quem
941 2528 988 2560 mea
1002 2517 1076 2559 saeviat
1087 2516 1127 2558 ira!

535 2606 545 2628 a
558 2589 642 2630 Viscera
651 2587 715 2640 cujus
726 2587 794 2638 odana,
809 2588 871 2641 cuius
882 2588 976 2629 viventia
988 2587 1060 2630 dextra

535 2675 546 2699 c
560 2660 652 2701 Meinrbra
663 2671 711 2700 mea
723 2659 811 2707 laniem,
822 2658 885 2710 cujus
898 2657 951 2699 mihi
963 2658 1050 2713 sanguis
1063 2656 1155 2700 inundet
1235 2655 1278 2698 ¹195

535 2747 545 2769 «
560 2731 645 2781 Guttur,
659 2736 681 2772 et
694 2730 742 2771 elisi
753 2730 861 2784 trepident
875 2730 916 2772 sub
928 2732 1030 2772 dentibus
1042 2735 1111 2780 artus,

535 2815 546 2839 ‹
560 2801 626 2849 Quam
635 2800 729 2848 nulium,
737 2806 774 2841 aut
782 2802 828 2842 iovc
839 2802 868 2842 sit
880 2800 983 2842 damnum
991 2802 1044 2842 mihi
1052 2801 1106 2842 lucis
1115 2800 1234 2855 adornptael
1245 2817 1256 2838 ιι

534 2871 583 2913 Ilaec
595 2878 616 2912 et
627 2871 689 2925 plura
702 2871 767 2913 soros.
780 2872 811 2913 bic
823 2871 907 2913 luridus
922 2877 1012 2926 occupat
1023 2872 1106 2924 horror,

533 2944 668 2998 Spectantem
680 2942 754 2983 vuitus
766 2943 886 2984 etiamnum
899 2944 955 2985 caedc
968 2942 1087 2995 madentes,

533 3013 677 3066 crudelesque
690 3025 773 3063 manus,
786 3019 808 3054 ct
820 3013 906 3054 inanem
920 3013 1009 3055 luminis
1021 3012 1108 3064 orbcm;
1235 3006 1279 3050 *200

533 3081 676 3135 Membraque,
689 3086 712 3122 et
726 3082 822 3122 humano
833 3087 956 3123 concretam
969 3083 1074 3136 sanguiue
1086 3083 1182 3127 barbam.

531 3150 588 3193 biars
600 3156 646 3193 orat
659 3157 709 3193 aute
719 3150 799 3201 oculos;
812 3151 928 3193 minimum
941 3160 1013 3193 tamen
1025 3153 1061 3193 ilia
1074 3151 1188 3197 malorum.

533 3222 558 3264 Et
570 3223 615 3275 jam
626 3234 767 3276 pransurum,
779 3222 869 3275 jamjam
879 3233 926 3264 mea
939 3224 1020 3265 viscera
1034 3223 1097 3265 rebar

533 3292 557 3333 ln
570 3305 608 3333 sua
620 3303 759 3341 mersurum
773 3293 885 3344 mentique
896 3292 991 3334 haerebat
1003 3294 1073 3347 imago

532 3359 643 3414 Temporis
657 3359 723 3407 illius,
735 3371 778 3412 quo
792 3359 835 3400 vidi
847 3359 898 3402 bina
911 3373 1009 3403 meorum

532 3431 573 3472 'ier
584 3438 661 3484 quater
673 3430 739 3484 afiligi
751 3429 860 3471 sociorum
873 3442 962 3485 corpora
975 3437 1051 3482 ιαπῶς

533 3500 582 3547 Quas
594 3512 659 3553 super
672 3501 716 3553 ipse
726 3500 809 3552 jacens,
824 3500 906 3542 hirsuti
918 3512 977 3541 more
990 3501 1066 3552 leonis,

535 3571 667 3624 visceraque,
682 3575 704 3610 et
715 3582 799 3619 carnes,
814 3582 909 3626 cumque
921 3571 973 3624 ipsis
985 3582 1033 3611 ossa
1045 3570 1157 3621 modulus,

532 3640 717 3692 Semianimesque
731 3645 791 3681 artus
806 3639 891 3682 avidam
904 3639 1009 3682 condebat
1023 3640 1046 3680 iu
1061 3640 1141 3682 aivum.

532 3711 564 3752 ue
576 3715 656 3751 tremor
670 3712 756 3753 invasit.
769 3710 855 3753 Stabam
868 3713 915 3753 sine
925 3713 1031 3764 sanguine
1043 3718 1141 3760 moestus;
1241 3707 1284 3750 ura

533 3780 710 3834 blandratemque
722 3780 805 3831 videns,
817 3782 989 3837 ejectantcmquc
1004 3789 1105 3824 cruentas

533 3850 573 3891 Ore
584 3849 657 3906 dapes,
667 3854 689 3891 et
702 3850 771 3892 frusta
786 3863 844 3893 mero
856 3853 974 3906 glomerata
988 3857 1120 3902 vomentem,

533 3919 592 3961 'talia
602 3918 707 3974 tingebam
718 3922 796 3966 misero
808 3923 862 3965 mihi
875 3923 919 3967 iata
933 3925 1012 3979 parari.
