3384 4675
760 531 860 583 ttulit:
882 532 937 584 tlt.
1273 531 1317 582 241

372 646 488 717 I'hpmen
497 662 563 718 pour
572 648 655 702 s’unir
666 647 735 713 itoi,
749 653 785 714 et,
796 647 860 703 dens
872 649 909 703 les
917 647 990 705 vities
1004 650 1036 705 de
1049 649 1073 703 la
1085 647 1171 714 Grece,
1182 648 1220 704 les
1233 648 1319 703 meres

372 745 400 794 te
412 747 582 801 nommeront
595 742 620 796 la
633 740 778 797 liberatrire
793 741 827 796 de
841 742 914 797 leurs
924 743 1038 798 'entants
1051 741 1111 798 btais
1126 741 1201 813 quoi!
1213 741 1319 813 1111111-

370 831 498 889 donnerai
512 834 580 889 douc
595 850 638 889 ma
653 849 736 900 soeur,
750 849 814 889 mon
825 834 895 890 frere
911 841 937 891 et
952 852 1016 891 mon
1028 835 1101 907 pere,
1112 834 1190 913 etlles
1204 834 1280 890 dieux
1292 840 1318 889 et

370 923 396 979 ie
409 924 448 980 soi
459 927 538 991 natat,
554 942 622 997 pour
638 942 681 982 me
694 927 772 981 livrer
784 926 832 981 ila
842 927 924 982 merci
938 928 982 984 des
996 927 1090 985 rents?
1104 926 1160 993 Oui,
1180 942 1243 982 mon
1257 928 1319 999 pere

370 1023 411 1073 est
424 1019 506 1083 cruet,
518 1035 562 1074 ma
577 1020 662 1090 patrie
672 1025 713 1075 est
722 1019 841 1084 barbare,
858 1036 921 1075 mon
936 1020 1005 1077 frere
1017 1027 1059 1076 est
1070 1036 1164 1076 enoore
1179 1021 1279 1086 entant,
1293 1025 1320 1076 et

371 1128 417 1168 ma
432 1129 504 1169 soeur
515 1114 626 1192 seconde
637 1128 694 1168 mes
709 1129 797 1168 roeux.
811 1111 844 1167 Le
862 1113 921 1184 plus
939 1115 1059 1186 puissant
1073 1114 1119 1170 des
1133 1113 1212 1170 dieux
1232 1120 1272 1170 est
1285 1130 1319 1169 en

371 1206 436 1263 moi.
448 1206 478 1262 Je
490 1207 573 1279 quitto
584 1225 638 1263 une
659 1208 762 1263 fortune
782 1205 891 1264 obscure
913 1225 980 1280 pour
992 1225 1045 1273 une
1059 1207 1180 1263 brillante
1193 1206 1318 1274 destinee,

371 1300 398 1354 la
412 1299 494 1370 gloire
511 1300 543 1356 de
560 1316 653 1357 sauver
664 1302 689 1357 la
702 1298 822 1372 jeunesse
835 1300 867 1355 de
878 1301 903 1355 la
914 1299 1000 1367 Greoe,
1022 1305 1048 1356 et
1059 1300 1123 1355 oelie
1138 1299 1171 1356 de
1187 1301 1320 1356 oouuaitre

371 1407 426 1447 une
434 1393 605 1464 mutreeplus
614 1392 708 1458 fertile,
721 1392 767 1448 des
775 1391 848 1447 rilies
860 1391 925 1448 dont
937 1393 963 1447 la
974 1391 1124 1448 renommiee
1137 1396 1177 1447 est
1190 1407 1320 1464 parreuue

368 1483 475 1556 jusqu'd
494 1485 780 1552 nous,lesmoeu1set
799 1483 837 1538 les
856 1491 908 1540 arts
927 1484 959 1540 de
971 1485 1041 1540 leurs
1053 1485 1194 1550 habitante,
1212 1485 1283 1539 enfin
1295 1484 1320 1540 le

370 1575 415 1631 fils
432 1563 538 1642 d'ldsom
552 1593 619 1648 pour
634 1577 679 1648 qui
695 1576 723 1648 J'e
741 1575 881 1632 donnerais
898 1580 956 1633 tous
971 1577 1008 1632 les
1021 1578 1119 1633 tresors
1138 1578 1171 1634 de
1186 1576 1318 1634 t'univers.

370 1655 473 1740 Epopeo
486 1670 604 1725 fortunio
617 1670 649 1725 de
660 1685 689 1724 oe
702 1669 788 1735 heros,
799 1668 826 1740 je
836 1669 904 1725 serai
916 1670 1093 1742 prooiameeta
1103 1668 1210 1725 savorite
1220 1668 1322 1726 deslm·

371 1762 490 1829 morteis,
503 1770 530 1819 et
541 1779 585 1818 ma
594 1765 647 1818 tete
660 1763 780 1819 s'eierera
787 1762 926 1834 jusqu'aux
938 1764 1021 1820 oieux.
1225 1822 1229 1829 ,

411 1875 423 1907 e
440 1856 494 1918 Que
503 1856 683 1928 m'importeut
692 1856 719 1928 je
728 1873 762 1912 ne
770 1857 820 1912 sais
829 1857 930 1928 quelles
940 1864 1092 1929 montagnes
1100 1857 1145 1931 qui
1153 1857 1282 1916 semblent
1293 1874 1321 1915 se

371 1949 514 2023 confondre
527 1965 560 2005 au
574 1949 665 2005 milieu
677 1949 723 2004 des
735 1950 802 2014 dots,
822 1956 848 2006 et
865 1950 965 2008 l'eoueil
979 1951 1000 2007 si
1014 1952 1074 2009 fatal
1086 1968 1135 2010 aux
1147 1953 1319 2023 navigateurs,

370 2039 514 2112 charybde,
524 2042 570 2114 qui
579 2043 664 2098 tantdt
676 2041 786 2097 absorbe
800 2043 837 2098 les
852 2044 933 2099 ondes
946 2050 972 2100 et
985 2045 1067 2101 tantot
1084 2045 1121 2101 leo
1136 2043 1239 2116 rejetto,
1253 2048 1281 2100 et
1296 2044 1320 2099 la

369 2135 509 2191 devorante
524 2133 606 2208 Soqlia
617 2137 742 2191 entouree
755 2135 787 2192 de
804 2137 895 2193 chiens
912 2137 1014 2215 furiem
1035 2137 1080 2208 qui
1096 2139 1152 2193 sont
1165 2137 1274 2194 retentb·
1289 2137 1321 2192 de

370 2227 444 2283 leurs
456 2228 617 2284 aboiements
629 2229 654 2284 le
666 2227 762 2284 detroit
770 2229 804 2285 de
812 2229 902 2285 Sieile?
920 2228 986 2285 brec
996 2229 1086 2301 l'objet
1098 2229 1130 2285 de
1144 2245 1206 2284 mon
1218 2245 1319 2293 mour,

369 2321 477 2393 pressio
493 2337 540 2377 sur
553 2320 578 2377 te
589 2320 647 2377 sein
661 2319 696 2377 de
710 2320 796 2387 lason,
806 2321 833 2393 je
845 2323 995 2393 pareourrai
1012 2327 1097 2378 toutes
1112 2323 1150 2378 les
1164 2322 1321 2379 morabaris

367 2414 493 2481 sesbras,
505 2414 608 2487 ieserai
622 2431 682 2471 sans
698 2415 782 2479 eiiroi,
799 2431 844 2481 ou,
859 2414 882 2470 si
896 2414 1029 2486 j'dprouve
1047 2414 1280 2485 quelquecrainte,
1293 2410 1321 2484 je

478 2624 584 2669 Serratrix
596 2624 661 2669 urbes
670 2631 767 2669 matrum
782 2623 918 2668 celebrabere
933 2621 1004 2667 turba.
1189 2617 1216 2661 50

477 2696 532 2751 Ergo
544 2708 584 2752 ego
595 2708 727 2752 germanam,
740 2695 882 2749 fratremque,
894 2700 1027 2750 patremque,
1041 2692 1142 2747 deosque,

477 2766 503 2809 111
511 2767 583 2810 natale
594 2768 672 2819 solum,
685 2767 757 2810 ventis
770 2766 849 2819 ablata,
862 2765 999 2820 relinquam?

477 2838 558 2893 Nempe
570 2844 631 2893 puter
641 2852 718 2892 saerus,
730 2850 809 2894 nempe
820 2842 853 2881 est
864 2850 911 2879 mea
923 2836 1013 2879 barbara
1026 2836 1101 2888 toilus;

478 2908 552 2952 Frater
562 2910 632 2953 adhuc
644 2909 726 2961 insano
739 2915 798 2952 stant
812 2921 897 2952 meeum
907 2913 956 2951 vota
968 2907 1057 2951 sororis.

478 2977 581 3020 biaximus
592 2978 648 3020 intro
660 2990 696 3021 me
709 2977 763 3022 deus
775 2982 814 3020 est.
828 2978 875 3019 Non
889 2989 965 3033 niagno
977 2977 1098 3033 relinquam
1109 2992 1115 3029 ς
1187 2972 1215 3018 ὃὸ

478 3048 553 3104 uagna
566 3060 651 3104 sequar,
664 3049 753 3092 titulum
765 3053 855 3091 seruatae
867 3048 930 3103 pubis
943 3048 1031 3099 achivae,

478 3118 624 3173 Notitiamque
637 3120 678 3163 toei
690 3120 793 3172 melioris,
808 3125 829 3162 et
842 3119 931 3175 oppida,
946 3131 1039 3174 quorum

477 3190 516 3233 uic
526 3202 612 3247 quoque
623 3191 680 3234 fama
692 3191 757 3249 viget,
767 3192 890 3247 cultusque,
903 3196 1003 3246 artesque
1017 3191 1124 3242 virorum3
1162 3186 1169 3200 ²

477 3261 588 3316 Quemque
599 3273 638 3317 ego
650 3275 700 3304 cum
711 3262 784 3313 rebus,
798 3274 854 3317 quas
868 3268 927 3305 totus
938 3260 1032 3316 possidet
1046 3260 1111 3312 orbis,

477 3331 599 3375 AEsonidem
611 3338 707 3376 mutasse
719 3333 793 3375 veiim.
806 3334 851 3383 Quo
862 3332 953 3387 conjuge
963 3330 1021 3384 felix,
1188 3323 1214 3372 1111

478 3400 505 3445 la't
514 3401 549 3446 dis
560 3414 610 3445 cara
622 3402 686 3456 ferar,
699 3409 721 3446 et
735 3403 815 3448 vertice
827 3403 899 3447 sidera
911 3407 1005 3458 tangam.

507 3510 591 3563 «Quid,
606 3511 663 3566 quod
672 3512 744 3555 neseio
758 3512 795 3566 qui
810 3511 887 3555 mediis
899 3521 1028 3554 concurrere
1039 3509 1061 3553 in
1074 3507 1138 3553 anim

477 3579 582 3625 Dicuntur
596 3588 687 3635 montes,
698 3582 825 3638 ratibusque
838 3583 926 3625 inimico
940 3580 1064 3637 Charybdis,

478 3652 540 3694 Nunc
552 3652 639 3695 sorbere
652 3652 739 3706 fretum,
753 3665 811 3695 nuuc
823 3652 921 3704 reddere,
934 3652 1047 3707 ciuemque
1058 3651 1119 3694 sreris

477 3722 544 3778 Scylla
556 3735 621 3778 rapax
630 3724 722 3766 canibus
732 3724 800 3766 siculo
811 3724 890 3766 latrare
898 3721 1020 3777 profundo?
1190 3718 1217 3766 63

478 3792 559 3848 Nempe
571 3801 648 3838 teneus
659 3796 718 3850 quod
730 3808 787 3848 amo,
802 3795 929 3851 gremioque
939 3794 961 3835 in
971 3792 1052 3836 losonis
1064 3794 1153 3846 haerens,

478 3863 516 3905 Per
529 3862 584 3907 freta
599 3864 662 3921 longa
675 3866 754 3909 trahar.
767 3866 824 3908 Nihil
836 3865 898 3909 illum
910 3864 1007 3922 amplexa
1020 3865 1120 3917 rerebor;

477 3936 525 3989 dut,
540 3937 558 3980 si
570 3936 622 3992 quid
635 3942 738 3992 metuam,
751 3943 846 3981 metuam
859 3935 885 3981 de
898 3937 992 3992 conjoge
1003 3936 1057 3981 solo.

1114 4000 1143 4051 1-1
