3384 4675
420 582 467 632 mc
643 600 647 607 ·
745 566 1050 629 ulriuoueucsus.

421 722 434 753 r
451 702 523 767 bien,
534 701 557 755 si
569 702 680 756 lacertu
696 698 742 753 des
759 698 863 769 plantes
880 698 948 752 n'est
965 712 1013 768 pas
1033 696 1169 763 evanouie,
1186 704 1213 754 et
1227 698 1251 754 si
1266 715 1323 756 mes
1336 716 1379 755 eu·

422 815 434 845 e
452 796 632 849 chantements
648 807 682 846 ne
700 790 848 846 m'abusent
865 791 947 861 point.
959 819 993 831 -
1009 788 1026 842 l
1046 805 1090 845 ces
1103 795 1183 854 mols,
1193 792 1220 846 la
1232 791 1322 848 deesse
1338 793 1350 847 i
1362 824 1377 834 ··

423 905 434 936 ι
454 884 547 955 brique
559 900 598 938 un
612 883 727 937 lantbme
740 882 772 936 de
783 880 898 952 sanglier
912 880 1008 952 qu’elle
1027 896 1125 952 pousse
1138 883 1308 954 rapidemeut
1321 898 1378 937 scus

422 996 434 1028 r
451 977 489 1031 les
501 991 568 1048 yeux
582 975 619 1030 du
631 975 681 1039 roi,
693 979 720 1030 et
734 975 779 1044 qui
794 975 895 1030 semble
909 973 1057 1030 s'enloncer
1067 974 1131 1030 dans
1143 975 1268 1047 l'epalsse
1280 976 1378 1042 lereti

424 1087 435 1116 e
450 1068 572 1123 l'endrcit
584 1067 619 1122 ori
628 1067 666 1121 les
682 1067 779 1131 arbrm,
789 1065 849 1138 plus
859 1068 953 1134 serres,
968 1066 1117 1123 nelaissent
1126 1082 1214 1124 aucun
1229 1083 1336 1140 passage
1347 1082 1378 1122 au

423 1180 434 1211 ι
451 1161 578 1215 ccursier.
591 1160 662 1232 llupe
680 1159 714 1216 de
732 1167 799 1216 cette
817 1161 932 1226 illusicn,
949 1161 1024 1216 Picus
1035 1161 1160 1231 poursuit
1174 1158 1289 1217 l'ombre
1303 1160 1378 1215 d'une

423 1273 434 1304 r
451 1253 533 1323 prcie.
551 1253 571 1306 ll
588 1253 674 1323 quitte
687 1253 858 1329 scudainecn
871 1253 989 1310 eoursier
1004 1254 1117 1310 fumant.
1130 1252 1255 1311 Eutraine
1268 1272 1318 1327 par
1328 1271 1378 1311 unc

424 1365 435 1396 ι
450 1347 590 1416 esperanre
602 1347 688 1413 mine,
701 1347 721 1402 il
736 1363 796 1402 erre
812 1348 827 1401 'a
841 1347 901 1418 pied
910 1363 946 1402 au
957 1347 1019 1402 lond
1034 1347 1066 1403 de
1076 1346 1185 1404 lalcret.

460 1458 471 1489 α
487 1437 559 1493 Circe
568 1454 721 1494 commenee
732 1456 773 1495 ses
782 1439 906 1494 formules
917 1444 943 1494 et
951 1439 1055 1514 protere
1064 1439 1110 1495 des
1120 1441 1225 1509 paroles
1235 1441 1376 1512 rmgiques.

426 1551 438 1582 r
454 1529 508 1584 lllle
521 1531 633 1602 imoque
648 1532 681 1588 de
692 1533 879 1603 mysterieuses
893 1532 1015 1588 divinites
1030 1549 1078 1603 par
1089 1547 1133 1588 ees
1144 1533 1241 1589 charris
1258 1533 1378 1604 etranges

329 1617 335 1628 “
425 1624 498 1695 «qui
521 1632 630 1681 scurent
656 1626 837 1683 cbscurcirent
855 1624 940 1681 l'eclat
955 1625 994 1681 .de
1012 1626 1037 1680 la
1052 1624 1123 1680 Lune
1141 1632 1168 1681 et
1181 1626 1335 1682 couvrircnt
1350 1627 1379 1682 de

425 1739 436 1770 r
453 1733 551 1786 uueges
567 1719 591 1772 le
608 1719 677 1774 ircnt
692 1720 727 1775 du
743 1719 830 1775 Scleil.
845 1719 920 1775 llcrs
932 1720 1013 1783 aussi,
1034 1735 1084 1774 aux
1102 1725 1206 1775 accents
1222 1718 1322 1790 qu'elle
1338 1719 1380 1776 fait

425 1830 437 1859 i
453 1811 590 1878 entendre,
602 1827 641 1866 un
655 1812 722 1867 veile
733 1811 834 1867 s'etcnd
847 1826 893 1866 sur
907 1810 994 1866 leciel
1008 1817 1034 1866 et
1051 1811 1097 1866 des
1111 1827 1223 1883 vapeurs
1237 1810 1380 1866 s'exhalent

426 1920 438 1951 ι
452 1902 485 1956 de
504 1902 528 1955 la
543 1908 622 1957 terre.
637 1901 767 1958 b'esccrte
783 1903 819 1957 du
833 1903 874 1957 roi
886 1903 986 1974 s'egare
996 1903 1061 1958 dans
1071 1904 1105 1959 de
1119 1903 1240 1959 scmhres
1251 1904 1378 1967 clreurim,

426 2012 437 2043 ι
452 1999 519 2048 etse
533 1994 612 2063 garde
627 2001 667 2049 est
682 1994 739 2065 dej'a
755 1995 810 2050 lein
825 1995 858 2049 de
872 1995 918 2051 lui.
939 1995 973 2049 Le
985 1996 1075 2051 deesse
1086 1995 1180 2068 prolite
1194 1996 1230 2051 du
1241 1994 1300 2052 lieu
1310 2004 1337 2052 et
1347 1996 1380 2052 du

337 2142 342 2147 ‚
425 2103 436 2134 ι
454 2090 580 2140 moment.
597 2115 631 2126 -
646 2084 747 2141 Partes
762 2102 829 2156 yeux
849 2086 894 2156 qui
914 2086 1005 2143 m'cnt.
1016 2087 1126 2154 se'duite,
1143 2087 1254 2155 ditelle,
1280 2105 1381 2161 parces

425 2199 436 2229 r
453 2180 572 2234 charmes
583 2179 629 2249 qui
639 2179 740 2234 sorcerrt
752 2196 806 2234 une
817 2179 908 2234 deesse
920 2180 1045 2236 atomber
1053 2183 1113 2237 ates
1124 2181 1207 2253 pleds,
1217 2184 1233 2237 ὁ
1244 2182 1283 2239 tci
1292 2181 1380 2255 leplus

425 2293 437 2325 ι
452 2273 519 2329 beau
526 2275 571 2337 des
577 2273 701 2330 mortelsl
718 2275 770 2330 scis
781 2274 879 2330 touche
892 2274 925 2329 de
934 2291 978 2330 ma
988 2277 1100 2332 flamme.
1110 2277 1221 2349 Accepte
1229 2292 1301 2350 pour
1307 2278 1379 2334 beau-

402 2394 406 2401 ·
426 2369 515 2440 «pere
533 2369 557 2422 le
575 2367 650 2424 Scleil
671 2369 734 2423 dont
751 2368 789 2422 les
814 2366 920 2436 regards
947 2369 1107 2425 embrassent
1124 2370 1263 2427 l'uuirers.
1287 2370 1323 2425 lle
1341 2371 1378 2426 de'·

529 2605 539 2624 u
554 2588 674 2630 Herbarum
688 2589 768 2641 virtus3
786 2603 826 2633 nce
839 2604 874 2635 me
886 2603 934 2634 mea
946 2590 1040 2634 earmina
1052 2589 1136 2634 tellum.

529 2677 538 2696 e
554 2683 578 2690 -
593 2658 654 2708 llixit,
667 2665 688 2700 et
700 2658 801 2715 elligiem,
814 2663 936 2705 nullorum
951 2672 1048 2716 corpore,
1061 2661 1110 2704 falsi

529 2749 537 2765 u
554 2729 623 2771 Finxit
634 2732 689 2784 apri,
705 2738 825 2785 praeterque
838 2732 912 2774 oculos
923 2737 1071 2773 transcurrere
1094 2732 1151 2787 regis
1330 2782 1332 2786 ι

529 2819 537 2838 a
552 2801 626 2851 lussit,
637 2807 659 2843 et
671 2802 693 2843 in
706 2800 799 2845 densum
811 2802 912 2845 trabibus
925 2814 1002 2845 nemus
1014 2801 1044 2845 ire
1057 2802 1132 2855 videri,
1151 2845 1152 2848 ,
1236 2800 1278 2841 360

531 2889 539 2908 ιι
555 2872 649 2914 Plurima
663 2884 706 2927 qua
719 2873 771 2915 silva
784 2879 824 2926 est,
836 2880 858 2916 et
869 2886 925 2929 equo
937 2874 983 2916 loca
998 2872 1070 2928 petria
1083 2885 1127 2915 non
1139 2880 1199 2919 suut.

531 2956 539 2975 ιι
553 2939 613 2981 llaud
625 2953 692 2993 mora,
705 2942 807 2984 continuo
819 2943 896 2999 predae
910 2944 964 2999 petit
976 2944 1058 2986 inscius
1070 2944 1170 2987 umbram

531 3027 540 3047 e
554 3011 623 3061 Picus,
636 3012 731 3065 equique
744 3013 800 3054 celer
815 3013 920 3057 fumantia
932 3019 993 3067 terga
1006 3014 1117 3069 relinquit,

530 3097 540 3119 r
552 3080 659 3136 Spemque
673 3093 766 3136 sequens
777 3096 862 3137 vanam,
876 3084 929 3127 silva
941 3084 1008 3138 pedes
1020 3091 1078 3127 errat
1091 3085 1114 3127 lu
1129 3084 1181 3129 alte.

556 3204 565 3224 a
580 3187 677 3242 Concipit
690 3187 726 3231 illa
739 3202 819 3243 preces,
832 3195 855 3232 et
866 3189 930 3233 verba
942 3189 1037 3232 venefica
1049 3189 1110 3242 dicit,
1239 3194 1280 3234 ‚btb'i

529 3271 538 3291 a
553 3256 681 3311 lpnotosque
693 3257 744 3300 dees
756 3259 829 3314 ignote
839 3259 935 3302 carmine
947 3258 1031 3308 adorat,

531 3344 540 3364 r
556 3328 600 3375 Quo
613 3328 666 3370 solet
678 3335 700 3371 et
711 3331 779 3373 niveae
791 3332 876 3373 vultum
888 3329 1021 3372 confundere
1034 3330 1100 3383 lunae,

528 3413 537 3434 α
551 3396 576 3438 Et
587 3399 657 3450 patrio
671 3400 735 3453 capiti
750 3400 837 3442 bibulas
850 3400 964 3442 subtexere
976 3398 1053 3442 nubes.

528 3483 537 3502 a
553 3467 611 3508 Tunc
622 3482 709 3524 quoque
720 3476 806 3513 cantato
819 3470 925 3513 densatur
936 3470 1032 3512 carmine
1044 3469 1130 3524 coelum,

528 3552 539 3574 «
553 3537 577 3577 lIt
588 3538 679 3582 nebulas
691 3541 776 3583 exhalat
788 3541 878 3591 humus,
891 3540 995 3594 caecisque
1007 3546 1112 3595 vagantur
1240 3540 1282 3583 bill

528 3622 537 3644 α
551 3607 665 3649 limitibus
677 3610 774 3661 comites,
789 3616 811 3653 et
822 3610 885 3654 abest
899 3608 996 3653 custodia
1008 3610 1062 3664 regi.

529 3693 537 3713 r
551 3678 615 3719 Nacta
630 3678 701 3723 locum
714 3687 843 3738 tempusque
858 3697 902 3725 :-
914 3681 977 3724 Pero
992 3685 1028 3723 lua
1043 3679 1133 3731 lumina,
1146 3680 1210 3734 dixit,

528 3763 538 3784 α
550 3747 600 3795 Qum
608 3760 654 3790 mea
663 3759 775 3807 ceperunt,
784 3765 866 3807 perque
879 3752 943 3803 hanc,
951 3750 1108 3806 pulcherrime,
1118 3749 1221 3807 formam,

528 3832 537 3854 ι
552 3817 600 3864 ilum
612 3817 662 3859 iacit
674 3825 698 3859 ut
710 3821 800 3875 supplex
814 3821 853 3864 tibi
866 3823 916 3872 sim,
933 3819 981 3871 dea,
994 3818 1082 3866 consule
1096 3819 1180 3861 uestris

528 3902 537 3922 ι
553 3887 650 3941 lenibus,
664 3895 685 3930 et
697 3901 804 3943 socerum,
820 3893 858 3947 qui
871 3891 972 3948 pervidet
983 3889 1056 3932 omnia
1065 3889 1134 3933 Solem
1243 3889 1284 3931 5753

525 3968 537 3993 «
550 3956 633 4009 Accipe,
649 3969 687 3999 nee
697 3957 766 4001 durus
779 3959 871 4002 titanida
882 3958 969 4014 despice
982 3958 1065 4001 Circen.
