3384 4675
730 535 828 586 tlvutt
849 536 890 586 Vl.
1243 537 1290 588 235

339 654 486 726 13333333ῑέ
499 655 533 713 de
546 653 657 711 douleur
677 655 704 708 31
724 651 805 708 altere
824 651 858 706 de
879 666 1035 723 rengeanee,
1051 655 1091 707 est
1108 652 1178 708 aussi
1191 653 1290 723 change

339 764 374 803 eu
383 745 726 804 3331333383313331331
739 744 802 815 pare
816 743 896 799 d'une
909 745 1065 816 3133311331
1077 761 1126 801 son
1137 744 1194 811 beo,
1210 745 1289 802 d'une

338 841 455 896 extreme
467 841 603 911 longaeui,
613 837 698 909 prend
709 837 825 893 13133333
836 838 899 894 d'un
908 838 984 894 dard.
996 837 1040 893 ter
1049 839 1137 895 oiseau
1146 855 1173 895 se
1181 855 1289 896 nomme

338 933 437 1004 huppe.
451 933 482 988 Sa
496 934 550 988 tete
563 932 647 1003 parait
659 931 757 986 333333.
769 929 802 986 Ge
814 931 930 986 desastre
941 933 1002 987 hata
1014 932 1038 986 13
1055 933 1092 988 tin
1106 933 1139 988 de
1153 933 1267 989 Pandion
1280 954 1287 989 ε

338 1026 357 1081 il
369 1027 505 1082 deseendit
516 1025 662 1082 au'lartare
672 1028 749 1080 avant
759 1023 858 1080 d'avoir
867 1026 962 1080 atteint
972 1026 997 1081 le
1007 1030 1092 1081 terme
1104 1026 1184 1083 d'une
1193 1027 1289 1098 lonpue

338 1120 477 1176 rieillesse.

392 1269 468 1325 nonin
488 1271 578 1323 333133
597 1286 708 1322 3333333.
730 1285 753 1322 n
770 1286 799 1322 33
816 1284 832 1321 3
851 1285 914 1323 onux
932 1285 992 1336 nus,
1011 1271 1232 1341 3333133331313,

540 1363 580 1410 333
598 1364 690 1402 333333
708 1366 738 1402 33
755 1364 849 1402 nonanta
867 1364 911 1402 ons
929 1365 1089 1404 3333333333.

374 1485 425 1540 vlt.
448 1484 482 1539 Le
501 1488 603 1554 soeptre
622 1489 649 1538 et
666 1483 705 1537 les
725 1484 802 1538 renes
821 1482 856 1537 de
877 1482 996 1553 l'empire
1016 1484 1151 1553 passereut
1169 1484 1235 1541 dans
1253 1486 1292 1544 les

339 1577 426 1635 mains
435 1561 617 1639 d'llreehtlree,
631 1589 779 1644 monarque
790 1574 860 1629 aussi
870 1573 972 1629 celebre
981 1589 1029 1644 par
1039 1590 1066 1630 sa
1074 1574 1169 1646 1331133
1180 1591 1232 1646 que
1243 1593 1292 1647 par

339 1670 366 1726 la
375 1669 515 1742 puissance
526 1668 559 1723 de
573 1683 615 1722 ses
629 1681 726 1721 armes.
743 1665 764 1719 11
777 1666 844 1720 33311
856 1672 950 1740 quatre
963 1666 1006 1721 tils
1020 1671 1046 1720 et
1059 1672 1152 1724 autaut
1164 1669 1197 1723 de
1210 1669 1287 1726 tilles.

339 1764 411 1818 oeux
423 1762 520 1817 etaient
532 1759 613 1814 d'une
626 1759 698 1829 dgale
708 1758 817 1816 beaute,
834 1758 871 1813 ‘lu
882 1759 924 1814 sus
934 1759 1006 1813 l'une
1020 1759 1121 1826 d'elleS,
1139 1761 1247 1829 Procris,
1264 1770 1291 1819 et

339 1856 480 1912 l'heureun
496 1851 617 1923 cephale,
638 1852 691 1906 ism
711 1852 747 1906 du
765 1867 830 1922 sang
846 1838 945 1918 d'llole,
964 1853 1031 1908 avait
1048 1853 1146 1910 obtenu
1164 1860 1191 1910 13
1208 1856 1287 1912 main.

339 1947 491 2004 11313Τό313
504 1951 530 2001 et
544 1961 585 2001 ses
603 1929 713 2000 ’11333333
731 1944 891 2001 uuisireutir
908 1945 1018 2002 l'amour
1032 1947 1065 2002 de
1078 1946 1167 2003 Boree.
1182 1946 1214 2002 Sa
1226 1955 1291 2004 ten·
1356 2003 1359 2010 ,

340 2044 431 2098 deesse
441 2057 510 2112 pour
527 2039 633 2111 Orithpe
646 2039 687 2094 fut
699 2039 881 2113 impuissante,
899 2047 954 2096 1331
965 2041 1031 2112 qu'il
1042 2041 1109 2096 airna
1122 2043 1209 2098 mieux
1224 2042 1291 2099 l'ob-

340 2135 411 2192 tenir
428 2131 538 2204 pardos
553 2131 719 2203 putresque
737 2147 785 2203 par
798 2132 824 2186 13
840 2132 966 2188 violence.
985 2131 1071 2199 Enim,
1087 2140 1183 2205 333331
1200 2150 1251 2205 que
1265 2135 1291 2191 13

340 2225 645 2287 douoeurn'ahoutissait
655 2228 671 2281 'a
681 2226 749 2290 rien,
763 2226 782 2280 il
795 2225 931 2282 1333311113
945 2232 1014 2282 cette
1030 2227 1121 2283 lureur
1132 2227 1235 2283 terrible
1245 2230 1290 2300 qui

340 2321 366 2377 le
373 2319 600 2377 caracteriseetne
607 2318 645 2374 lui
652 2318 798 2391 appartient
805 2333 857 2391 que
864 2320 1008 2392 tropllaus
1015 2320 1142 2393 sonjuste
1151 2336 1288 2387 oourroux,

340 2415 359 2470 11
372 2414 482 2471 s'eeria:
499 2435 510 2466 ι
529 2415 659 2485 Pourquoi
679 2413 746 2484 ai-je
765 2414 852 2485 quitte
869 2431 925 2470 mos
939 2431 1034 2480 armes,
1053 2416 1247 2486 l'impetuosite,
1266 2418 1289 2472 la

444 2564 485 2608 ille
498 2564 571 2607 dolore
582 2576 631 2614 suo,
643 2576 755 2620 poenaque
765 2564 868 2621 eupidino
879 2566 946 2619 velox,

447 2635 544 2678 Vertitur
556 2636 579 2677 in
592 2634 709 2688 volucrem,
721 2636 756 2694 oui
770 2641 830 2679 stunt
841 2636 865 2678 in
876 2637 956 2679 vertice
970 2636 1055 2689 oristre;

447 2702 557 2747 Pr0minet
567 2703 707 2747 immodicum
718 2716 757 2759 pro
766 2705 830 2761 longa
842 2706 931 2762 cuspide
944 2711 1045 2751 rostrum.

447 2773 527 2820 Nomen
538 2773 608 2830 Epops
619 2776 718 2834 voluerii
731 2776 796 2819 iacies
808 2782 890 2820 armata
898 2777 992 2821 videtur.

448 2844 486 2885 1113
497 2842 557 2886 (13133
568 2849 618 2887 3313
632 2844 696 2895 diem,
707 2845 820 2901 longaeque
831 2852 926 2890 extrema
938 2854 1028 2891 33333133
1144 2850 1184 2893 11111

447 2914 559 2969 Tempora,
573 2920 677 2958 tartareas
688 2915 796 2960 Pandiona
806 2918 867 2961 misit
875 2920 902 2962 ad
914 2918 1010 2965 umhres.

379 3048 491 3083 outaltlatt
507 3048 588 3083 nonnas
603 3050 676 3094 RAPIT,
694 3050 765 3092 ATQUE
782 3054 810 3085 EX
825 3054 895 3087 RAPTA
911 3054 986 3088 catatu
1000 3054 1113 3088 PROCRBAT
1130 3054 1157 3088 ΕΤ
1169 3054 1246 3100 zelun,

632 3120 669 3160 0111
685 3120 784 3155 innuosa·
800 3124 830 3156 EX
846 3124 989 3158 uhooxnttrls.

404 3198 445 3241 Vll.
473 3200 560 3254 Sceptra
573 3201 620 3253 loci,
633 3214 750 3257 rerumque
763 3205 820 3259 capit
831 3202 967 3247 moderamen
979 3202 1120 3250 Erechtheus.

447 3269 534 3313 lustitia
546 3270 642 3325 dubium,
655 3273 762 3317 validisne
776 3276 886 3330 potentior
898 3273 971 3319 armis.

447 3340 552 3388 Quattuor
563 3340 600 3383 illo
612 3342 699 3397 quidem
711 3343 810 3396 juvenes,
826 3346 960 3401 totidemque
970 3353 1052 3389 crearat

447 3409 552 3453 Femineae
561 3414 632 3455 sortis.
645 3414 686 3457 Sed
698 3421 745 3456 3331
757 3427 795 3470 par
807 3415 874 3457 torma
886 3416 986 3467 duarum,
1145 3417 1185 3461 6811

449 3478 465 3521 E
478 3480 557 3535 quibus
570 3482 661 3525 AEohdes
669 3483 776 3540 Cephalus
786 3490 806 3529 te
815 3486 906 3541 conjuge
916 3486 973 3538 13113,

447 3551 526 3604 Procri,
539 3553 589 3597 tuit.
604 3554 675 3597 Borea
684 3555 765 3599 Tereus
777 3556 912 3612 Thracesque
922 3557 1037 3612 nocebant,

447 3621 568 3678 ltileotaque
579 3624 616 3668 diu
630 3625 699 3669 333311
714 3624 767 3669 deus
780 3625 883 3685 Orithyia,

446 3691 825 3750 1133333331,31333311333333311,
840 3709 905 3752 quam
920 3698 1009 3752 viribus,
1024 3702 1064 3745 311.

447 3763 484 3803 Ast
496 3761 532 3805 ubi
547 3762 660 3808 blanditiis
673 3767 745 3822 agitur
756 3767 820 3821 nihil,
835 3766 937 3812 horridus
950 3770 993 3825 ira,
1144 3770 1186 3815 685

448 3833 498 3881 033
510 3834 573 3877 solita
584 3840 618 3877 est
630 3835 671 3889 illi,
683 3837 817 3894 nimiumque
829 3840 955 3893 domestica,
966 3847 1040 3894 reuto;

449 3902 474 3944 Et
484 3902 567 3957 merito,
580 3903 633 3947 dixit
643 3921 649 3949 z
663 3920 674 3945 α
687 3905 742 3957 Quid
754 3906 812 3951 euim
821 3920 869 3952 mea
879 3908 921 3953 1313
931 3909 1019 3965 reliqui,
