3384 4675
751 547 854 596 trinu
873 548 906 597 u.
1281 561 1309 609 tr

371 668 424 727 dans
433 689 497 730 mon
507 691 585 731 coeni·
595 691 664 748 pour
672 692 690 747 y
699 675 834 733 deoouvrir
845 679 884 734 ies
894 680 980 735 soncis
990 680 1036 752 qui
1048 681 1073 737 fe
1084 681 1223 740 devorent!
1233 680 1310 738 Eufrn

371 760 424 833 ietfe
435 767 472 822 ies
484 784 553 840 penu
565 785 615 824 sur
627 776 687 824 tous
700 770 739 825 fes
750 769 825 826 biens
836 772 872 826 du
885 774 996 837 monde;
1010 773 1140 830 demando
1151 790 1189 829 un
1200 773 1247 830 des
1258 774 1310 829 tri·
1399 776 1402 781 '

372 868 418 911 sors
429 873 478 929 que
492 861 660 915 conforment
674 861 699 916 fe
712 861 771 927 ciet,
783 863 808 917 fa
819 870 892 918 terre
909 869 936 918 et
952 863 976 918 ta
992 879 1049 919 mer
1062 882 1068 917 :
1083 871 1113 920 tu
1126 864 1311 936 n'eprouvcras

373 947 434 1016 point
442 950 475 1006 de
488 952 570 1008 nefus.
586 951 615 1008 Je
628 952 763 1024 n'excepte
777 954 875 1025 qu'une
889 952 963 1009 seule
978 955 1066 1020 chose,
1080 955 1135 1028 qui,
1150 956 1230 1011 aurai
1242 955 1309 1017 dirc,

373 1046 407 1097 est
422 1045 506 1102 moins
526 1063 565 1103 uu
586 1047 640 1102 dou
661 1047 744 1118 qu’un
764 1047 926 1114 chitiment3
949 1049 1002 1116 oui,
1021 1049 1084 1104 c'est
1100 1063 1138 1104 un
1156 1049 1309 1111 ohitimcuf.

374 1130 483 1205 Phaeton,
498 1145 526 1194 et
538 1156 593 1196 non
607 1157 662 1196 une
674 1142 753 1210 grace
767 1157 819 1211 que
829 1149 860 1196 tu
871 1142 1024 1198 demandes.
1044 1142 1167 1198 lnsensi!
1183 1158 1310 1214 pourquor

375 1244 500 1292 meserrer
509 1239 676 1293 teudrement
686 1238 751 1293 dans
762 1243 803 1292 tes
813 1237 894 1293 bras?
906 1237 970 1294 N'eu
984 1238 1061 1293 doute
1071 1238 1154 1309 point,
1165 1237 1192 1308 je
1200 1239 1243 1294 i'ai
1251 1238 1311 1308 juri

374 1337 414 1392 por
424 1326 460 1383 les
469 1345 534 1384 eaux
547 1329 584 1384 du
594 1329 657 1401 Styx
670 1349 676 1385 :
694 1336 733 1383 tes
745 1345 823 1384 roeux
832 1336 924 1385 seront
936 1329 1061 1394 exauoes;
1077 1329 1142 1384 mais
1151 1327 1311 1399 puissent-iis

375 1413 422 1470 dire
432 1419 488 1489 pins
499 1422 586 1492 sagea!
599 1441 611 1472 i

403 1506 455 1565 'fels
474 1511 564 1567 furent
582 1529 626 1568 ses
644 1512 763 1568 derniers
777 1515 839 1569 avis.
858 1515 962 1571 Rebelfe
976 1517 992 1570 ia
1006 1515 1030 1568 ia
1045 1513 1105 1569 voit
1124 1512 1157 1567 de
1175 1513 1310 1583 scopere,

332 1590 335 1599 ¹
376 1596 475 1658 Phaiftnr
487 1603 599 1674 persiste
613 1604 680 1659 dans
694 1621 724 1660 sa
737 1606 883 1664 resolution
894 1611 921 1661 et
936 1606 1013 1661 badio
1026 1605 1059 1659 de
1068 1603 1166 1674 dirigor
1178 1618 1228 1658 son
1241 1601 1311 1657 char.

376 1690 444 1762 tpres
454 1696 527 1752 avoir
540 1697 622 1753 he'site
637 1697 799 1770 longtemps,
814 1699 926 1770 hpollou
941 1697 1048 1753 conduit
1058 1699 1130 1752 enfin
1143 1711 1191 1751 son
1202 1694 1244 1750 fils
1255 1695 1314 1764 pris

377 1781 521 1860 dirsnperbc
532 1790 608 1856 char,
620 1791 730 1862 present
739 1791 773 1846 de
785 1789 901 1846 Vulcain.
916 1791 1038 1855 L'essieu,
1050 1790 1074 1844 ie
1083 1789 1167 1844 timon
1179 1792 1205 1842 ct
1216 1784 1241 1840 fe
1251 1801 1313 1841 con-

377 1884 426 1934 tem
437 1881 483 1938 des
496 1899 575 1939 roues
586 1885 684 1939 etaient
697 1883 764 1947 d'or,
777 1891 804 1939 et
817 1883 856 1940 les
867 1900 962 1956 rayons
974 1885 1099 1953 d'argeut.
1113 1881 1161 1937 lies
1173 1887 1276 1951 topazos
1288 1885 1314 1934 et

375 1969 414 2026 des
428 1973 565 2043 pierreries
582 1975 683 2031 semies
702 1992 761 2031 avec
779 1982 820 2031 art
838 1992 885 2032 sur
903 1977 928 2031 fe
946 1974 1010 2046 joug
1027 1972 1230 2030 rissdchissaieut
1242 1971 1267 2026 fe
1280 1969 1318 2024 vii

373 2061 479 2121 1111111
492 2066 581 2122 Soleif.
596 2065 690 2122 'fandis
703 2083 756 2138 que
768 2067 932 2123 l’ambitieux
946 2066 1060 2122 Phaeton
1073 2064 1196 2123 admirait
1209 2065 1234 2118 ln
1248 2077 1315 2117 mer·

371 2155 490 2215 redfeuse
497 2159 591 2214 beaute
598 2159 630 2214 de
637 2160 778 2230 l'ouvrage‚
785 2159 1012 2215 soudaini'drient
1019 2158 1200 2230 s'empourpre
1207 2154 1314 2223 defeur,

369 2248 551 2323 etfarigiiaute
559 2253 658 2308 durore
667 2268 747 2308 ouvre
756 2253 794 2308 les
802 2260 891 2324 portes
900 2253 933 2309 de
942 2269 990 2308 son
1001 2252 1083 2324 paleis
1087 2250 1185 2324 jonchd
1192 2249 1226 2305 de
1234 2263 1314 2304 rosas.

367 2340 411 2399 Les
422 2343 515 2400 etoiies
524 2345 622 2412 inient3
637 2345 740 2401 Lucifer
759 2346 905 2402 rassemble
924 2347 983 2400 leur
998 2346 1103 2409 essaim,
1117 2350 1145 2398 et
1157 2340 1283 2413 disparuit
1294 2339 1317 2394 lc

457 2509 566 2562 Inserera,
575 2516 597 2553 et
607 2509 689 2565 patrias
700 2509 761 2553 intus
772 2508 905 2564 deprendere
915 2510 989 2552 curas!

457 2581 565 2636 nouique,
574 2580 681 2638 quidquid
690 2580 756 2624 habet
766 2579 834 2632 dives,
848 2579 1000 2634 circumspice,
1014 2580 1123 2633 mundns3
1177 2581 1205 2625 aa

457 2651 520 2707 Εᾳυο
532 2656 565 2693 tot
577 2663 602 2694 ae
613 2650 681 2693 tantis
693 2650 750 2703 coeli,
763 2657 877 2708 terraeque,
892 2651 1002 2705 mariaque

458 2722 528 2765 Posce
540 2722 603 2764 bonis
616 2722 698 2776 aliquid
711 2732 717 2765 :
729 2721 814 2765 nuliam
825 2721 909 2775 patiere
920 2721 1038 2775 repulsam.

458 2792 614 2848 lieprecorhoc
628 2804 705 2844 unum,
715 2791 772 2846 quod
786 2804 837 2835 vero
846 2792 935 2835 nomine
948 2803 1019 2846 poena,

457 2863 508 2907 Non
523 2862 591 2906 honor
601 2869 647 2915 estc
660 2874 754 2917 poenam,
765 2860 886 2915 Phaethon,
899 2875 938 2918 pro
948 2873 1047 2915 munere,
1063 2863 1139 2917 poscis.

457 2931 516 2983 Quid
526 2945 573 2976 mea
585 2933 639 2976 coita
652 2938 712 2976 tenes
723 2932 818 2987 blandis,
831 2934 914 2989 ignare,
925 2932 1026 2978 lacertis?
1166 2934 1206 2980 100

458 3004 491 3048 fic
502 3001 587 3056 dubita,
598 3003 695 3053 dabitur,
709 3005 793 3059 stygias
804 3005 929 3058 iuravimus
940 3004 1019 3057 undas,

458 3074 618 3131 Ouodcumque
629 3075 719 3130 optaris3
731 3075 769 3117 sed
781 3080 806 3117 tu
818 3076 938 3130 sapientius
952 3082 1010 3131 opta.
1020 3091 1032 3117 ι

484 3144 583 3187 Finierat
596 3146 700 3188 monitus.
715 3144 782 3188 Dictis
797 3152 871 3188 tamen
883 3146 921 3189 ille
934 3154 1050 3202 repugnat,

457 3215 644 3272 Propositumque
655 3221 723 3266 tenet,
735 3215 856 3271 flagratque
868 3216 971 3270 cupidine
982 3229 1068 3260 currus.

458 3288 526 3342 Ergo,
539 3298 582 3341 qua
594 3286 665 3337 licuit,
678 3286 766 3341 genitor
777 3293 901 3339 cunctatus,
916 3287 942 3330 ad
954 3287 1009 3331 altos
1168 3287 1208 3333 toa

457 3357 553 3401 Deducit
562 3358 672 3411 juvenem,
687 3358 787 3401 vulcania
803 3370 902 3411 munera,
914 3371 999 3405 currus.

457 3431 547 3471 Aureus
561 3427 605 3469 aris
615 3435 670 3479 erat,
682 3435 739 3472 temo
753 3439 842 3481 aureus,
857 3440 922 3473 aurea
935 3441 1024 3473 summm

455 3499 581 3541 Curvatura
591 3502 657 3549 rotae;
669 3498 780 3541 radiorum
791 3506 908 3555 argenteus
920 3500 979 3544 ordo.

455 3568 500 3612 Per
513 3567 565 3622 iuga
576 3566 712 3623 chrysolithi,
726 3569 847 3625 positaeque
858 3582 884 3613 ex
896 3570 973 3615 ordine
986 3584 1088 3626 gemmae,

455 3639 520 3683 Clara
529 3649 656 3692 repercusso
669 3638 789 3682 reddebant
802 3639 885 3683 lumina
896 3639 983 3685 Phoeho.
1169 3643 1208 3686 110

455 3711 560 3764 itumque
571 3721 596 3752 ea
610 3709 763 3765 magnanimus
773 3709 887 3753 Phaethon
901 3711 1000 3763 miratur,
1013 3724 1114 3769 opusque
1185 3720 1190 3729 ·

454 3780 575 3835 Perspicit,
589 3792 637 3824 ecce
646 3778 699 3834 vigil
714 3780 781 3824 rutilo
794 3780 896 3836 patefecit
910 3782 936 3823 ab
949 3788 1000 3825 ortu

454 3852 582 3906 Purpureas
593 3851 677 3894 Aurora
688 3850 754 3904 fores,
763 3854 787 3893 et
798 3851 862 3905 piena
875 3862 973 3894 rosarum

455 3921 527 3965 Atria.
540 3918 665 3975 Diffugiunt
678 3919 757 3975 steilo,
771 3931 866 3980 quarum
878 3922 964 3975 agmina
978 3922 1037 3975 cogit
