3384 4675
366 561 418 614 ere
690 553 1000 617 uirtuonrnosrs.

372 683 488 734 traraux.
505 665 592 748 Egaux
611 693 646 732 en
662 679 710 748 dge
728 684 755 733 et
770 693 804 732 en
821 679 920 743 velem,
942 679 975 734 ils
995 679 1164 737 marchercnt
1176 695 1210 735 au
1222 680 1326 739 combat

371 787 432 827 arec
442 786 505 826 vous
517 771 628 827 aussildt
641 787 692 841 que
706 769 817 836 l'ssurtm,
833 771 898 826 dont
908 772 933 826 le
946 771 1039 826 soullle
1047 772 1152 845 propice
1160 788 1224 828 rous
1234 788 1248 828 a
1260 789 1327 828 con-

372 864 429 920 duit
445 880 503 918 vers
522 870 589 920 cette
606 864 641 919 ile
654 863 767 937 (l’llurus
786 864 820 936 l’y
837 865 903 920 avait
922 863 1029 920 canduit
1042 880 1076 920 en
1090 865 1173 937 ellat),
1186 883 1248 922 aura
1261 866 1326 923 cede

372 971 401 1012 sa
412 957 485 1029 place
498 958 512 1011 'a
525 955 637 1012 l'butan.
651 976 663 1008 s

608 1231 611 1236 ,
706 1159 995 1214 strennuissimus·

406 1297 468 1354 lllll.
483 1298 530 1354 Ges
543 1297 687 1354 eatretiens
702 1303 728 1352 et
743 1297 857 1354 d'autres
874 1298 1029 1355 semblables
1040 1299 1193 1370 remplirent
1210 1303 1283 1355 toute
1298 1301 1324 1355 la

366 1390 488 1462 journee.
502 1391 535 1447 be
550 1391 603 1446 scir
618 1391 657 1446 lut
672 1393 793 1446 consecra
806 1391 822 1445 a
833 1408 872 1446 un
885 1391 973 1455 leelin,
989 1396 1016 1445 et
1032 1391 1057 1444 la
1071 1389 1129 1446 nuit
1140 1407 1173 1447 au
1192 1393 1322 1449 sommeil.

369 1480 519 1554 dependam
539 1483 563 1538 le
584 1483 647 1538 cbar
666 1483 773 1538 radieux
790 1484 826 1541 du
849 1483 924 1540 Scleil
945 1484 1013 1538 avait
1032 1498 1096 1555 paru
1117 1498 1165 1538 sur
1184 1481 1321 1539 l'ltoricon.

369 1576 479 1634 L'uuns
490 1578 606 1635 soulllait
621 1593 716 1633 encore
734 1582 761 1634 et
784 1578 930 1650 s'opposait·
940 1594 974 1635 au
992 1577 1092 1649 depart.
1109 1577 1206 1649 bupres
1225 1578 1259 1633 de
1274 1576 1324 1632 Ge-

368 1671 530 1743 phaladus
547 1670 715 1742 agequ'eux‚
736 1687 766 1726 se
784 1670 928 1743 pressaient
948 1672 985 1726 les
1005 1669 1109 1727 entants
1122 1670 1156 1726 de
1170 1670 1267 1736 Pallas;
1290 1671 1324 1728 ils

369 1762 613 1835 l'acoompagnaient
632 1763 727 1835 aupres
748 1751 870 1834 d’anne,
887 1779 983 1818 encore
1001 1763 1114 1818 enseveli
1130 1762 1194 1817 dans
1209 1763 1235 1817 le
1248 1777 1323 1817 som-

369 1856 442 1911 meil.
459 1854 499 1910 lln
511 1855 544 1910 de
557 1869 599 1910 ses
613 1855 664 1920 fils,
679 1855 789 1925 Pbocus,
804 1856 842 1912 les
855 1862 929 1925 recut
942 1855 1025 1911 suria
1036 1854 1101 1910 seuil
1112 1854 1149 1909 du
1161 1853 1252 1924 palais,
1262 1858 1323 1910 tan·

369 1948 408 2004 dis
426 1964 479 2020 que
496 1945 619 2003 Telamon
633 1955 660 2003 et
674 1965 722 2005 son
741 1954 817 2004 autre
834 1949 905 2005 inere
919 1948 1064 2005 enrdlaient
1077 1947 1114 2003 les
1129 1947 1245 2018 citopens
1254 1963 1323 2018 pour

369 2041 393 2097 la
405 2057 509 2111 guerre.
527 2040 627 2096 Plancus
641 2041 771 2096 conduisit
784 2042 823 2096 les
834 2041 979 2098 Atheniens
992 2039 1057 2095 dans
1070 2040 1215 2096 l'intdrreur
1226 2040 1263 2095 du
1275 2055 1323 2110 pa-

368 2135 424 2200 lcis,
440 2151 502 2190 sous
518 2134 551 2190 de
566 2141 722 2205 somplueux
740 2135 885 2208 pcrtiques,
899 2142 925 2192 et
937 2135 1023 2191 s'assit
1036 2136 1131 2206 aupres
1142 2133 1228 2189 d'eux.
1243 2132 1264 2189 u
1280 2149 1322 2190 re·

368 2241 477 2298 marqua
493 2224 557 2280 dans
579 2226 616 2282 les
637 2227 723 2283 mains
740 2227 773 2282 de
790 2227 898 2300 debale
914 2244 952 2284 un
964 2228 1061 2300 javelct
1075 2226 1119 2283 lalt
1133 2225 1196 2282 d'un
1210 2225 1267 2281 bois
1280 2225 1321 2280 iu·

367 2334 464 2385 connu,
484 2324 510 2375 et
529 2318 601 2376 acme
619 2319 696 2376 d'une
712 2320 885 2404 pointed'or.
900 2320 980 2393 llprds
994 2319 1119 2392 quelques
1131 2331 1246 2391 propos:
1264 2335 1276 2369 a
1292 2315 1320 2376 lo

472 2555 602 2610 erasitique
613 2561 684 2606 tenax,
694 2562 717 2599 et
730 2556 768 2610 qui
780 2555 872 2610 quaesita
882 2560 1002 2598 reservent.

473 2626 498 2668 lli
510 2632 532 2668 te
545 2627 572 2668 ad
583 2625 645 2675 bella.
658 2639 720 2683 pares
733 2626 797 2669 annis
808 2626 940 2680 animisque,
954 2629 1080 2680 sequentur,

392 2725 394 2730 -
471 2696 655 2751 Quamprimum,
668 2698 706 2752 qui
720 2703 740 2739 te
754 2697 847 2740 feliciter
858 2696 940 2748 attulit,
956 2694 1034 2744 Eurus,

472 2765 550 2823 (Eurus
560 2768 619 2810 enim
630 2769 750 2823 attulerat),
765 2766 832 2811 luerit
843 2772 942 2811 mutatus
955 2767 977 2809 iu
991 2769 1107 2809 lustros·
1170 2762 1211 2809 660

711 2941 817 2977 cartulas
832 2942 860 2977 Et·
875 2940 972 2975 euocare.

419 3039 471 3085 vttl.
499 3041 586 3086 ‘l'alibus
596 3047 662 3098 atque
675 3043 725 3087 aliis
737 3043 826 3098 longum
838 3042 976 3085 sermonibus
985 3041 1016 3085 illi

473 3112 589 3169 implevere
599 3114 666 3157 diem.
678 3114 742 3156 Lucis
755 3124 805 3168 pars
817 3112 895 3154 ultima
908 3125 988 3156 mensae

472 3182 509 3225 Est
520 3183 575 3235 data,
588 3196 628 3226 nox
642 3184 732 3226 somnis.
746 3182 812 3227 lubar
823 3195 904 3225 aureus
917 3183 1022 3226 extulerat
1035 3182 1075 3227 sol.

471 3253 544 3297 Flebat
557 3255 629 3298 adhuc
640 3254 717 3308 Eurus,
731 3254 875 3309 redituraque
887 3253 933 3297 veta
946 3254 1043 3301 tenebat„

472 3325 500 3368 Ad
512 3326 630 3381 Cephalum
641 3325 737 3369 Pallante
749 3325 799 3378 sati,
810 3326 845 3367 cui
859 3324 961 3380 grandior
973 3331 1031 3375 atas.
1170 3324 1213 3369 665

472 3393 501 3437 td
513 3406 587 3449 regem
597 3393 712 3449 Cephalus,
723 3394 790 3436 simul
802 3399 824 3436 et
835 3392 932 3435 Pallante
945 3394 1013 3435 creati

471 3465 614 3507 conveniunt.
625 3464 665 3508 Sed
677 3464 747 3508 adbuc
758 3477 832 3521 regern
844 3477 909 3521 sopor
920 3465 978 3507 altus
989 3463 1092 3508 babebat.

471 3532 554 3587 Excipit
567 3534 663 3576 AEarides
676 3533 723 3576 illos
736 3534 758 3576 in
769 3535 845 3577 limine
859 3535 954 3585 Phocus;

472 3602 523 3644 Nam
535 3601 641 3655 Telamon,
655 3603 770 3659 fraterque,
784 3604 840 3646 viros
854 3604 881 3647 ad
895 3604 952 3648 bella
965 3606 1073 3660 tegebant.

473 3670 554 3714 Phocus
566 3674 588 3715 in
601 3674 694 3716 interius
706 3675 808 3730 spatium,
820 3674 965 3730 pulchrosque
977 3687 1074 3719 recessus
1172 3671 1214 3719 oto
1229 3671 1234 3679 ’

472 3741 598 3796 Cecropidas
610 3742 677 3795 ducit,
690 3757 739 3787 cum
751 3746 814 3799 queis
826 3744 892 3788 simul
905 3747 952 3800 ipse
963 3744 1052 3789 resedit.

473 3812 554 3865 Aspicit
565 3812 662 3855 AEolidea
673 3814 744 3869 ignota
758 3829 781 3859 ex
792 3816 868 3859 arbore
879 3816 960 3859 lactum

472 3882 535 3925 Ferre
548 3895 613 3925 manu
623 3884 728 3938 jaculum,
743 3889 806 3942 eujus
817 3889 859 3931 luit
872 3900 938 3931 aurea
952 3890 1033 3945 cuspis.

471 3951 540 3997 Pauca
552 3954 612 4009 prius
624 3954 703 3999 mediis
714 3958 851 4002 sermonibus
864 3958 901 4002 ille
914 3959 1013 4003 locutus:
