3384 4675
664 592 667 598 ,
710 553 812 617 niune
831 552 906 626 rur.
1238 556 1284 608 teo

331 672 530 746 laguerrequ'a
541 670 566 728 ta
575 669 789 728 dixidmeannde.
803 670 992 734 Quoiaisaietu
1006 671 1084 736 aiom,
1100 670 1171 744 ijau,
1188 672 1225 729 toi
1238 677 1285 746 qui

332 782 367 824 ne
384 765 492 823 connais
510 780 561 838 que
580 764 619 820 les
636 763 771 821 mmbats?
788 763 866 826 Quets
882 763 972 820 iurent
988 768 1030 819 tes
1048 763 1158 820 services
1173 764 1237 821 dans
1255 782 1285 822 oe

331 857 469 915 moment?
483 856 568 920 ouant
578 856 731 922 mimimo,
741 856 763 913 si
774 863 803 912 tu
811 873 879 914 reux
889 857 927 913 loo
937 857 1078 921 connaitre
1088 855 1117 927 jo
1128 857 1227 912 tendais
1238 858 1285 914 des

331 949 422 1022 pieges
433 966 485 1006 aux
497 949 627 1016 ennemis,
642 948 671 1022 je
684 949 804 1006 fortifiais
821 965 869 1006 nos
883 951 1117 1014 rotranehements,
1134 949 1285 1021 j'erhortais

330 1055 382 1096 nos
391 1040 464 1096 allido
473 1042 488 1096 'a
498 1046 639 1112 supporter
645 1041 817 1112 patiemment
827 1040 867 1097 les
881 1041 975 1097 ennuio
986 1041 1020 1097 de
1033 1040 1059 1096 la
1070 1057 1179 1111 guerre3
1190 1041 1285 1113 j'indi-

332 1133 409 1204 quais
420 1134 459 1190 les
476 1149 585 1205 moyens
597 1134 630 1191 de
642 1150 670 1190 se
683 1150 808 1206 procurer
820 1133 866 1190 des
876 1133 959 1190 vivres
972 1140 1000 1191 et
1012 1134 1059 1190 des
1076 1149 1179 1200 armes3
1192 1134 1286 1206 j'ailais

330 1231 439 1296 partout
455 1225 491 1282 od
509 1241 553 1282 ma
569 1226 694 1297 padoence
708 1225 771 1282 etait
783 1225 935 1282 nenoosaire.
952 1224 1065 1282 Soudain
1076 1243 1114 1282 un
1124 1243 1205 1299 songe
1221 1227 1286 1314 qu‘il

331 1318 430 1390 croyait
439 1318 538 1388 enroye
546 1317 703 1390 par-iupiter
711 1318 791 1376 abuse
803 1319 992 1390 Agamemnon,
1004 1320 1057 1376 etii
1070 1320 1226 1376 nominande
1236 1336 1286 1377 aux

331 1411 431 1468 soldats
443 1412 478 1468 de
490 1427 620 1469 renoncer
637 1429 689 1469 aux
705 1413 816 1484 iatigues
831 1413 868 1469 du
881 1413 962 1483 siege.
979 1412 1121 1469 L'autorite
1138 1412 1172 1468 de
1187 1412 1286 1484 Jupiter

330 1506 439 1577 pourait
451 1505 524 1562 seule
535 1522 643 1563 excuser
653 1512 696 1562 cet
704 1507 792 1563 ordre.
803 1505 863 1576 ijax
875 1523 936 1562 sans
948 1506 1029 1561 doute
1040 1506 1077 1576 s'y
1087 1521 1192 1577 oppmn,
1207 1511 1234 1561 et
1241 1505 1287 1562 de·

332 1597 431 1654 manda
446 1599 472 1653 ia
489 1598 649 1655 dmtruotion
662 1598 696 1653 de
708 1597 840 1669 Pergama.
856 1598 951 1654 iutant
965 1597 1029 1669 qu'il
1047 1598 1071 1653 le
1086 1603 1146 1668 put,
1165 1597 1184 1652 ii
1197 1596 1288 1653 voulut
1305 1639 1311 1650 .

330 1690 486 1747 eomhattre.
494 1690 554 1747 ttais
562 1691 691 1764 pourquoi
698 1690 861 1748 n'arretatil
870 1706 917 1761 pas
927 1689 1046 1746 tesGreoe
1058 1691 1131 1762 prete
1138 1691 1153 1745 'a
1160 1705 1288 1762 regagner

331 1784 407 1839 leurs
415 1782 565 1840 nauseam?
576 1783 706 1856 Pourquoi
716 1799 751 1840 ue
758 1783 841 1855 prii-il
852 1799 898 1854 pas
909 1782 947 1839 les
959 1783 1061 1839 armes?
1074 1783 1204 1854 Pourquoi
1211 1782 1287 1840 n'en·

331 1875 469 1932 traina-tii
477 1893 524 1948 pas
533 1877 639 1933 lfarmde
648 1876 808 1933 inoertaine?
818 1876 851 1932 Ge
862 1875 953 1933 n'etait
963 1892 1011 1947 pas
1019 1881 1080 1948 trop
1090 1891 1157 1948 pour
1164 1876 1232 1934 oelui
1241 1877 1288 1948 qui

333 1985 371 2024 ne
389 1970 439 2026 sait
456 1971 544 2041 parler
554 1971 662 2042 qu'areo
674 1986 823 2042 arrogance.
838 1969 893 2033 One
910 1968 1005 2041 dis-je?
1018 1976 1048 2026 tn
1064 1969 1116 2026 iuis
1131 1968 1284 2026 toi-meme!

334 2059 366 2117 ie
383 2060 428 2119 t'ai
441 2078 486 2127 ru,
500 2069 528 2118 et
537 2063 593 2135 J'en
609 2061 634 2116 ai
652 2062 737 2134 rougi,
750 2062 779 2135 je
792 2061 836 2118 t'ai
848 2079 884 2118 vu
896 2063 998 2118 reeuler
1013 2062 1108 2118 derant
1123 2061 1248 2120 l'ennemi
1261 2068 1288 2118 et

330 2153 456 2227 deployer
472 2155 675 2213 honteusement
688 2155 728 2212 les
740 2156 828 2212 roilm.
844 2154 907 2211 «01'1
919 2154 1109 2211 munet-rous?
1127 2153 1286 2226 m'eeriaiJ‘e.

335 2246 455 2309 «Quelie
472 2247 544 2312 tolie,
565 2249 582 2302 d
600 2263 657 2304 mes
676 2247 866 2320 oompagnous!
887 2264 950 2303 vous
968 2246 1015 2304 init
1033 2246 1200 2304 abandonner
1214 2245 1286 2302 'iroie

338 2360 352 2393 a
368 2342 431 2413 pres
443 2342 477 2398 de
487 2341 658 2398 snecomber?
672 2341 862 2404 Qualia-rous
875 2347 1010 2414 rapporter
1021 2341 1086 2397 dans
1101 2358 1147 2398 tos
1158 2343 1251 2412 forero,
1264 2341 1286 2396 si

336 2451 394 2490 «ce
410 2434 477 2490 n'est
489 2434 613 2498 labente,
630 2435 705 2506 apres
725 2432 770 2489 dix
788 2449 834 2489 ans
853 2434 887 2490 de
903 2434 1052 2491 trarauxdn
1071 2432 1118 2491 Cea
1137 2435 1247 2506 parolus,
1259 2440 1288 2490 et

333 2528 451 2583 d'autres
470 2527 566 2584 diotdes
583 2542 632 2597 par
649 2526 839 2596 l'indignation,
862 2526 908 2597 qui
928 2527 1031 2581 m’avait
1049 2527 1284 2610 rendnldioqnent.

440 2653 494 2704 Quid
506 2654 574 2699 iacies
585 2654 678 2704 interea.
688 2653 726 2710 qui
740 2653 781 2703 nil,
791 2652 835 2696 nisi
847 2653 927 2707 praelia,
938 2654 1010 2697 noeti?
1140 2655 1182 2701 tto

441 2724 493 2773 Quis
505 2730 557 2767 tuus
568 2736 623 2767 usus
634 2723 696 2767 erat?
707 2722 760 2767 Nam
770 2724 789 2765 ei
804 2735 853 2766 mea
865 2722 921 2766 iacta
931 2723 1034 2778 requiris,

441 2795 543 2839 Hostibus
552 2794 655 2849 insidior;
667 2795 735 2839 iossas
748 2795 871 2839 munimine
882 2795 952 2850 oingm

439 2867 542 2912 consolor
554 2868 630 2919 socios,
645 2873 669 2909 ut
680 2866 739 2923 longi
756 2866 820 2911 taedr'a
833 2865 886 2909 belii

440 2936 510 2981 lente
523 2939 595 2980 ierant
604 2938 701 2992 placida;
715 2937 788 2990 domo,
803 2950 848 2994 quo
861 2938 931 2982 simus
942 2938 1023 2992 aiendi,

440 3008 569 3052 Armandire
578 3008 642 3052 modo
652 3028 657 3063 ;
669 3010 753 3062 mittor,
766 3022 809 3065 quo
818 3010 915 3065 postulat
923 3022 985 3055 unus.
1141 3009 1182 3055 tta

440 3077 494 3123 Eoco
501 3080 561 3124 lovis
570 3081 663 3131 monitu,
677 3080 782 3137 deeeptus
791 3082 887 3137 imagine
896 3084 977 3135 oomni,

441 3148 484 3194 Rex
495 3151 559 3205 jubet
571 3152 659 3208 incoepti
670 3165 745 3195 curam
757 3152 867 3197 dimittere
881 3154 941 3198 beili.

437 3220 476 3265 ilie
487 3230 559 3277 potest
567 3231 656 3267 auctore
664 3236 728 3268 suam
741 3222 859 3270 defendere
871 3238 968 3269 causant.

444 3294 491 3339 Non
502 3294 561 3337 sinat
570 3296 610 3338 hoc
621 3294 680 3349 ijax,
692 3294 828 3350 delendaque
837 3296 939 3351 Pergama
951 3301 1035 3351 poseat;

442 3366 546 3422 Quodque
554 3373 632 3422 potest,
644 3373 733 3423 pugnet.
747 3367 791 3411 Gur
800 3379 842 3410 non
851 3374 972 3411 remoratur
983 3366 1067 3410 ituros?
1133 3366 1182 3426 290

441 3439 483 3482 Cur
495 3452 538 3482 non
548 3450 607 3481 arma
621 3437 691 3493 capit?
703 3439 747 3489 dat,
762 3436 819 3493 qnod
830 3450 882 3493 vaga
894 3438 958 3482 turba
970 3438 1085 3495 sequatur?

442 3509 488 3553 lion
499 3515 546 3553 erat
555 3510 596 3553 hoc
606 3509 698 3553 nimium
710 3521 824 3565 nunquam
834 3509 878 3551 nisi
893 3522 969 3567 magna
984 3509 1089 3566 loquenti.

442 3578 510 3631 Quid?
521 3580 579 3636 quod
593 3587 616 3625 et
628 3582 675 3637 ipse
684 3582 760 3637 iugis?
770 3579 827 3633 vnit,
837 3580 960 3639 puduitque
973 3582 1055 3635 ridere,

440 3653 511 3702 Quum
523 3659 546 3696 tu
557 3659 617 3709 terga
626 3652 697 3707 dares,
704 3652 863 3709 inhonestaque
877 3652 924 3696 vela
935 3665 1030 3709 parares.

443 3726 486 3769 aec
497 3739 571 3770 moro:
582 3743 593 3764 ι
605 3726 658 3775 outa
672 3725 747 3769 tactis!
761 3739 811 3782 quae
826 3738 863 3769 vos
875 3726 995 3777 dementia,
1009 3724 1062 3777 dixi,
1143 3724 1183 3769 ‘22⁸0'

444 3813 456 3836 ι
467 3798 572 3850 Concitet,
586 3812 598 3840 o
608 3796 669 3850 socii,
678 3805 764 3854 captam
774 3796 890 3842 demittere
899 3797 1005 3852 Troiam?

444 3884 455 3907 ι
469 3867 551 3918 Quidve
561 3868 649 3912 domurn
659 3869 722 3911 iertis
732 3866 824 3920 decimo,
837 3868 882 3912 nisi
896 3867 998 3920 dedecus,
1008 3871 1081 3912 annot
1091 3884 1101 3908 ι
1135 3887 1140 3899 ·

443 3938 531 3983 Talibus
542 3946 608 3995 atque
620 3940 678 3991 aliie.
691 3940 714 3983 in
724 3951 773 3996 que
783 3938 845 3984 dolor
855 3940 903 3996 ipse
916 3936 1023 3983 disertum
