<?xml version="1.0" encoding="UTF-8"?>
<!DOCTYPE html PUBLIC "-//W3C//DTD XHTML 1.0 Transitional//EN"
    "http://www.w3.org/TR/xhtml1/DTD/xhtml1-transitional.dtd">
<html xmlns="http://www.w3.org/1999/xhtml" xml:lang="en" lang="en">
 <head>
  <title>
</title>
<meta http-equiv="Content-Type" content="text/html;charset=utf-8" />
  <meta name='ocr-system' content='tesseract 3.04.00' />
  <meta name='ocr-capabilities' content='ocr_page ocr_carea ocr_par ocr_line ocrx_word'/>
</head>
<body>
  <div class='ocr_page' id='page_1' title='image "./lesmtamorphoses00ovidgoog_0164.png"; bbox 0 0 3384 4675; ppageno 0'>
   <div class='ocr_carea' id='block_1_1' title="bbox 728 465 1285 538">
    <p class='ocr_par' dir='ltr' id='par_1_1' title="bbox 728 465 1285 538">
     <span class='ocr_line' id='line_1_1' title="bbox 728 465 1285 538; baseline 0.013 -8"><span class='ocrx_word' id='word_1_1' title='bbox 728 465 826 530; x_wconf 78' lang='lat' dir='ltr'>tavae</span> <span class='ocrx_word' id='word_1_2' title='bbox 846 479 888 532; x_wconf 82' lang='lat' dir='ltr'>iv.</span> <span class='ocrx_word' id='word_1_3' title='bbox 1240 485 1285 538; x_wconf 82' lang='lat' dir='ltr'>aaa</span> 
     </span>
    </p>
   </div>
   <div class='ocr_carea' id='block_1_2' title="bbox 290 594 1299 2334">
    <p class='ocr_par' dir='ltr' id='par_1_2' title="bbox 290 594 1299 2334">
     <span class='ocr_line' id='line_1_2' title="bbox 333 594 1285 678; baseline 0.004 -26"><span class='ocrx_word' id='word_1_4' title='bbox 333 597 424 669; x_wconf 85' lang='lat' dir='ltr'>soigne</span> <span class='ocrx_word' id='word_1_5' title='bbox 436 600 466 652; x_wconf 82' lang='lat' dir='ltr'>sa</span> <span class='ocrx_word' id='word_1_6' title='bbox 477 611 584 668; x_wconf 86' lang='lat' dir='ltr'>parare,</span> <span class='ocrx_word' id='word_1_7' title='bbox 601 594 735 650; x_wconf 84' lang='lat' dir='ltr'>l&#39;examine</span> <span class='ocrx_word' id='word_1_8' title='bbox 748 595 813 650; x_wconf 86' lang='lat' dir='ltr'>d&#39;uu</span> <span class='ocrx_word' id='word_1_9' title='bbox 830 596 870 651; x_wconf 88' lang='lat' dir='ltr'>air</span> <span class='ocrx_word' id='word_1_10' title='bbox 885 602 987 667; x_wconf 73' lang='lat' dir='ltr'>cooptet.</span> <span class='ocrx_word' id='word_1_11' title='bbox 1004 602 1030 653; x_wconf 86' lang='lat' dir='ltr'>et</span> <span class='ocrx_word' id='word_1_12' title='bbox 1045 613 1167 672; x_wconf 89' lang='lat' dir='ltr'>compose</span> <span class='ocrx_word' id='word_1_13' title='bbox 1184 614 1232 655; x_wconf 90' lang='lat' dir='ltr'>son</span> <span class='ocrx_word' id='word_1_14' title='bbox 1248 601 1285 678; x_wconf 61' lang='lat' dir='ltr'>Vi?</span> 
     </span>
     <span class='ocr_line' id='line_1_3' title="bbox 290 688 1284 760; baseline 0.002 -14"><span class='ocrx_word' id='word_1_15' title='bbox 290 726 291 729; x_wconf 57' lang='lat'><em>=</em></span> <span class='ocrx_word' id='word_1_16' title='bbox 331 708 391 760; x_wconf 82' lang='lat' dir='ltr'>sege</span> <span class='ocrx_word' id='word_1_17' title='bbox 401 691 435 745; x_wconf 90' lang='lat' dir='ltr'>de</span> <span class='ocrx_word' id='word_1_18' title='bbox 448 689 567 745; x_wconf 82' lang='lat' dir='ltr'>maniere</span> <span class='ocrx_word' id='word_1_19' title='bbox 580 690 595 742; x_wconf 82' lang='lat' dir='ltr'>a</span> <span class='ocrx_word' id='word_1_20' title='bbox 608 689 717 759; x_wconf 86' lang='lat' dir='ltr'>paraitre</span> <span class='ocrx_word' id='word_1_21' title='bbox 729 688 806 748; x_wconf 88' lang='lat' dir='ltr'>belle.</span> <span class='ocrx_word' id='word_1_22' title='bbox 821 690 945 754; x_wconf 81' lang='lat' dir='ltr'>«Enlant,</span> <span class='ocrx_word' id='word_1_23' title='bbox 957 690 994 746; x_wconf 93' lang='lat' dir='ltr'>lui</span> <span class='ocrx_word' id='word_1_24' title='bbox 1007 692 1119 758; x_wconf 86' lang='lat' dir='ltr'>dit-elle,</span> <span class='ocrx_word' id='word_1_25' title='bbox 1135 699 1164 748; x_wconf 86' lang='lat' dir='ltr'>tu</span> <span class='ocrx_word' id='word_1_26' title='bbox 1176 693 1284 749; x_wconf 73' lang='lat' dir='ltr'>menites</span> 
     </span>
     <span class='ocr_line' id='line_1_4' title="bbox 334 781 1282 857; baseline 0.004 -20"><span class='ocrx_word' id='word_1_27' title='bbox 334 805 348 837; x_wconf 78' lang='grc' dir='ltr'>ι</span> <span class='ocrx_word' id='word_1_28' title='bbox 362 785 449 840; x_wconf 75' lang='lat' dir='ltr'>d&#39;etre</span> <span class='ocrx_word' id='word_1_29' title='bbox 460 783 518 854; x_wconf 87' lang='lat' dir='ltr'>pris</span> <span class='ocrx_word' id='word_1_30' title='bbox 529 798 597 853; x_wconf 85' lang='lat' dir='ltr'>pour</span> <span class='ocrx_word' id='word_1_31' title='bbox 608 798 644 836; x_wconf 94' lang='lat' dir='ltr'>un</span> <span class='ocrx_word' id='word_1_32' title='bbox 657 781 727 837; x_wconf 89' lang='lat' dir='ltr'>dieu.</span> <span class='ocrx_word' id='word_1_33' title='bbox 740 781 768 836; x_wconf 86' lang='lat' dir='ltr'>Si</span> <span class='ocrx_word' id='word_1_34' title='bbox 777 789 807 838; x_wconf 90' lang='lat' dir='ltr'>tu</span> <span class='ocrx_word' id='word_1_35' title='bbox 816 799 845 837; x_wconf 86' lang='lat' dir='ltr'>es</span> <span class='ocrx_word' id='word_1_36' title='bbox 854 799 891 838; x_wconf 92' lang='lat' dir='ltr'>un</span> <span class='ocrx_word' id='word_1_37' title='bbox 900 784 969 845; x_wconf 91' lang='lat' dir='ltr'>dieu,</span> <span class='ocrx_word' id='word_1_38' title='bbox 981 789 1009 840; x_wconf 87' lang='lat' dir='ltr'>tu</span> <span class='ocrx_word' id='word_1_39' title='bbox 1018 802 1086 857; x_wconf 78' lang='lat' dir='ltr'>pour</span> <span class='ocrx_word' id='word_1_40' title='bbox 1094 787 1149 841; x_wconf 74' lang='lat' dir='ltr'>cire</span> <span class='ocrx_word' id='word_1_41' title='bbox 1158 783 1282 842; x_wconf 74' lang='lat' dir='ltr'>l&#39;lmouc.¹</span> 
     </span>
     <span class='ocr_line' id='line_1_5' title="bbox 335 874 1284 948; baseline 0.004 -20"><span class='ocrx_word' id='word_1_42' title='bbox 335 897 348 928; x_wconf 78' lang='grc' dir='ltr'>ι</span> <span class='ocrx_word' id='word_1_43' title='bbox 364 876 390 930; x_wconf 89' lang='lat' dir='ltr'>Si</span> <span class='ocrx_word' id='word_1_44' title='bbox 403 883 434 931; x_wconf 87' lang='lat' dir='ltr'>tu</span> <span class='ocrx_word' id='word_1_45' title='bbox 447 883 477 930; x_wconf 86' lang='lat' dir='ltr'>es</span> <span class='ocrx_word' id='word_1_46' title='bbox 485 891 524 930; x_wconf 93' lang='lat' dir='ltr'>un</span> <span class='ocrx_word' id='word_1_47' title='bbox 535 875 639 939; x_wconf 87' lang='lat' dir='ltr'>mortel,</span> <span class='ocrx_word' id='word_1_48' title='bbox 653 874 770 928; x_wconf 86' lang='lat' dir='ltr'>heureux</span> <span class='ocrx_word' id='word_1_49' title='bbox 783 890 848 930; x_wconf 84' lang='lat' dir='ltr'>ceux</span> <span class='ocrx_word' id='word_1_50' title='bbox 862 877 907 947; x_wconf 89' lang='lat' dir='ltr'>qui</span> <span class='ocrx_word' id='word_1_51' title='bbox 922 875 987 932; x_wconf 85' lang='lat' dir='ltr'>t&#39;ont</span> <span class='ocrx_word' id='word_1_52' title='bbox 998 877 1084 933; x_wconf 77' lang='lat' dir='ltr'>donne</span> <span class='ocrx_word' id='word_1_53' title='bbox 1096 877 1121 932; x_wconf 89' lang='lat' dir='ltr'>le</span> <span class='ocrx_word' id='word_1_54' title='bbox 1129 877 1201 948; x_wconf 88' lang='lat' dir='ltr'>jour!</span> <span class='ocrx_word' id='word_1_55' title='bbox 1219 879 1284 937; x_wconf 84' lang='lat' dir='ltr'>heu-</span> 
     </span>
     <span class='ocr_line' id='line_1_6' title="bbox 334 969 1283 1037; baseline 0.002 -13"><span class='ocrx_word' id='word_1_56' title='bbox 334 992 348 1024; x_wconf 76' lang='lat'>«</span> <span class='ocrx_word' id='word_1_57' title='bbox 361 987 428 1028; x_wconf 83' lang='lat' dir='ltr'>reux</span> <span class='ocrx_word' id='word_1_58' title='bbox 440 975 483 1025; x_wconf 86' lang='lat' dir='ltr'>est</span> <span class='ocrx_word' id='word_1_59' title='bbox 493 975 540 1025; x_wconf 92' lang='lat' dir='ltr'>ton</span> <span class='ocrx_word' id='word_1_60' title='bbox 551 969 773 1032; x_wconf 70' lang='lat' dir='ltr'>frere-murense</span> <span class='ocrx_word' id='word_1_61' title='bbox 786 975 825 1024; x_wconf 91' lang='lat' dir='ltr'>est</span> <span class='ocrx_word' id='word_1_62' title='bbox 838 975 865 1024; x_wconf 87' lang='lat' dir='ltr'>ta</span> <span class='ocrx_word' id='word_1_63' title='bbox 880 985 963 1035; x_wconf 84' lang='lat' dir='ltr'>soeur,</span> <span class='ocrx_word' id='word_1_64' title='bbox 979 971 1000 1026; x_wconf 94' lang='lat' dir='ltr'>si</span> <span class='ocrx_word' id='word_1_65' title='bbox 1013 978 1043 1026; x_wconf 87' lang='lat' dir='ltr'>tu</span> <span class='ocrx_word' id='word_1_66' title='bbox 1056 987 1089 1027; x_wconf 91' lang='lat' dir='ltr'>en</span> <span class='ocrx_word' id='word_1_67' title='bbox 1099 986 1204 1037; x_wconf 19' lang='lat' dir='ltr'>assuue;</span> <span class='ocrx_word' id='word_1_68' title='bbox 1218 969 1283 1026; x_wconf 85' lang='lat' dir='ltr'>heu·</span> 
     </span>
     <span class='ocr_line' id='line_1_7' title="bbox 335 1056 1282 1133; baseline 0.003 -18"><span class='ocrx_word' id='word_1_69' title='bbox 335 1084 348 1115; x_wconf 78' lang='grc' dir='ltr'>ι</span> <span class='ocrx_word' id='word_1_70' title='bbox 361 1069 441 1118; x_wconf 85' lang='lat' dir='ltr'>reuse</span> <span class='ocrx_word' id='word_1_71' title='bbox 455 1068 494 1118; x_wconf 89' lang='lat' dir='ltr'>est</span> <span class='ocrx_word' id='word_1_72' title='bbox 503 1056 530 1116; x_wconf 89' lang='lat' dir='ltr'>la</span> <span class='ocrx_word' id='word_1_73' title='bbox 541 1060 663 1116; x_wconf 89' lang='lat' dir='ltr'>nourrioe</span> <span class='ocrx_word' id='word_1_74' title='bbox 673 1059 717 1130; x_wconf 91' lang='lat' dir='ltr'>qui</span> <span class='ocrx_word' id='word_1_75' title='bbox 730 1059 821 1113; x_wconf 82' lang='lat' dir='ltr'>t&#39;ollrit</span> <span class='ocrx_word' id='word_1_76' title='bbox 833 1076 880 1116; x_wconf 91' lang='lat' dir='ltr'>son</span> <span class='ocrx_word' id='word_1_77' title='bbox 891 1062 959 1126; x_wconf 89' lang='lat' dir='ltr'>sein;</span> <span class='ocrx_word' id='word_1_78' title='bbox 971 1063 1030 1133; x_wconf 91' lang='lat' dir='ltr'>plus</span> <span class='ocrx_word' id='word_1_79' title='bbox 1042 1063 1173 1118; x_wconf 91' lang='lat' dir='ltr'>heureuse</span> <span class='ocrx_word' id='word_1_80' title='bbox 1187 1072 1282 1119; x_wconf 78' lang='lat' dir='ltr'>encore</span> 
     </span>
     <span class='ocr_line' id='line_1_8' title="bbox 334 1151 1280 1226; baseline 0.001 -18"><span class='ocrx_word' id='word_1_81' title='bbox 334 1177 347 1208; x_wconf 72' lang='grc' dir='ltr'>ι</span> <span class='ocrx_word' id='word_1_82' title='bbox 364 1163 391 1211; x_wconf 89' lang='lat' dir='ltr'>et</span> <span class='ocrx_word' id='word_1_83' title='bbox 404 1156 466 1226; x_wconf 89' lang='lat' dir='ltr'>plus</span> <span class='ocrx_word' id='word_1_84' title='bbox 475 1154 612 1224; x_wconf 77' lang='lat' dir='ltr'>puiss&#39;ante</span> <span class='ocrx_word' id='word_1_85' title='bbox 627 1151 693 1207; x_wconf 88' lang='lat' dir='ltr'>celle</span> <span class='ocrx_word' id='word_1_86' title='bbox 708 1151 753 1222; x_wconf 90' lang='lat' dir='ltr'>qui</span> <span class='ocrx_word' id='word_1_87' title='bbox 765 1156 806 1207; x_wconf 82' lang='lat' dir='ltr'>est</span> <span class='ocrx_word' id='word_1_88' title='bbox 817 1158 843 1207; x_wconf 90' lang='lat' dir='ltr'>ta</span> <span class='ocrx_word' id='word_1_89' title='bbox 856 1169 1008 1224; x_wconf 84' lang='lat' dir='ltr'>compagne‚</span> <span class='ocrx_word' id='word_1_90' title='bbox 1020 1170 1054 1209; x_wconf 92' lang='lat' dir='ltr'>ou</span> <span class='ocrx_word' id='word_1_91' title='bbox 1067 1170 1134 1224; x_wconf 90' lang='lat' dir='ltr'>pour</span> <span class='ocrx_word' id='word_1_92' title='bbox 1143 1154 1189 1225; x_wconf 88' lang='lat' dir='ltr'>qui</span> <span class='ocrx_word' id='word_1_93' title='bbox 1202 1162 1233 1211; x_wconf 90' lang='lat' dir='ltr'>tu</span> <span class='ocrx_word' id='word_1_94' title='bbox 1245 1156 1280 1209; x_wconf 92' lang='lat' dir='ltr'>al-</span> 
     </span>
     <span class='ocr_line' id='line_1_9' title="bbox 333 1243 1282 1323; baseline 0.002 -24"><span class='ocrx_word' id='word_1_95' title='bbox 333 1250 480 1303; x_wconf 74' lang='lat' dir='ltr'>elumeras</span> <span class='ocrx_word' id='word_1_96' title='bbox 496 1246 520 1300; x_wconf 92' lang='lat' dir='ltr'>le</span> <span class='ocrx_word' id='word_1_97' title='bbox 539 1244 669 1299; x_wconf 86' lang='lat' dir='ltr'>llambeau</span> <span class='ocrx_word' id='word_1_98' title='bbox 682 1243 847 1313; x_wconf 76' lang='lat' dir='ltr'>d&#39;hpmende!</span> <span class='ocrx_word' id='word_1_99' title='bbox 875 1244 901 1298; x_wconf 88' lang='lat' dir='ltr'>Si</span> <span class='ocrx_word' id='word_1_100' title='bbox 920 1249 951 1298; x_wconf 86' lang='lat' dir='ltr'>tu</span> <span class='ocrx_word' id='word_1_101' title='bbox 970 1246 1016 1300; x_wconf 84' lang='lat' dir='ltr'>l&#39;as</span> <span class='ocrx_word' id='word_1_102' title='bbox 1033 1245 1140 1323; x_wconf 72' lang='lat' dir='ltr'>moisio,</span> <span class='ocrx_word' id='word_1_103' title='bbox 1160 1246 1282 1301; x_wconf 89' lang='lat' dir='ltr'>aooorde-</span> 
     </span>
     <span class='ocr_line' id='line_1_10' title="bbox 333 1334 1280 1410; baseline 0.002 -19"><span class='ocrx_word' id='word_1_104' title='bbox 333 1339 417 1396; x_wconf 73' lang='lat' dir='ltr'>«moi</span> <span class='ocrx_word' id='word_1_105' title='bbox 436 1343 561 1410; x_wconf 86' lang='lat' dir='ltr'>pourlant</span> <span class='ocrx_word' id='word_1_106' title='bbox 577 1353 614 1391; x_wconf 90' lang='lat' dir='ltr'>un</span> <span class='ocrx_word' id='word_1_107' title='bbox 627 1334 746 1391; x_wconf 89' lang='lat' dir='ltr'>bonheur</span> <span class='ocrx_word' id='word_1_108' title='bbox 764 1335 850 1390; x_wconf 77' lang='lat' dir='ltr'>furtis.</span> <span class='ocrx_word' id='word_1_109' title='bbox 871 1336 898 1390; x_wconf 86' lang='lat' dir='ltr'>Si</span> <span class='ocrx_word' id='word_1_110' title='bbox 919 1341 966 1392; x_wconf 87' lang='lat' dir='ltr'>lon</span> <span class='ocrx_word' id='word_1_111' title='bbox 984 1339 1060 1393; x_wconf 83' lang='lat' dir='ltr'><strong>choix</strong></span> <span class='ocrx_word' id='word_1_112' title='bbox 1079 1337 1146 1391; x_wconf 81' lang='lat' dir='ltr'>n&#39;est</span> <span class='ocrx_word' id='word_1_113' title='bbox 1164 1354 1209 1409; x_wconf 91' lang='lat' dir='ltr'>pas</span> <span class='ocrx_word' id='word_1_114' title='bbox 1226 1337 1280 1403; x_wconf 80' lang='lat' dir='ltr'>fait,</span> 
     </span>
     <span class='ocr_line' id='line_1_11' title="bbox 333 1428 1280 1506; baseline -0.006 -19"><span class='ocrx_word' id='word_1_115' title='bbox 333 1454 346 1487; x_wconf 76' lang='grc' dir='ltr'>ι</span> <span class='ocrx_word' id='word_1_116' title='bbox 363 1432 492 1506; x_wconf 71' lang='lat' dir='ltr'>puisse-ie</span> <span class='ocrx_word' id='word_1_117' title='bbox 506 1431 530 1485; x_wconf 90' lang='lat' dir='ltr'>le</span> <span class='ocrx_word' id='word_1_118' title='bbox 542 1430 607 1484; x_wconf 74' lang='lat' dir='ltr'>finer</span> <span class='ocrx_word' id='word_1_119' title='bbox 619 1434 645 1484; x_wconf 83' lang='lat' dir='ltr'>et</span> <span class='ocrx_word' id='word_1_120' title='bbox 657 1433 777 1500; x_wconf 84' lang='lat' dir='ltr'>partager</span> <span class='ocrx_word' id='word_1_121' title='bbox 788 1434 816 1482; x_wconf 88' lang='lat' dir='ltr'>ta</span> <span class='ocrx_word' id='word_1_122' title='bbox 827 1429 940 1484; x_wconf 83' lang='lat' dir='ltr'>couchel</span> <span class='ocrx_word' id='word_1_123' title='bbox 961 1450 972 1481; x_wconf 83' lang='lat' dir='ltr'>o</span> <span class='ocrx_word' id='word_1_124' title='bbox 995 1428 1016 1482; x_wconf 80' lang='lat' dir='ltr'>l</span> <span class='ocrx_word' id='word_1_125' title='bbox 1030 1443 1072 1482; x_wconf 90' lang='lat' dir='ltr'>ces</span> <span class='ocrx_word' id='word_1_126' title='bbox 1089 1433 1168 1491; x_wconf 81' lang='lat' dir='ltr'>mols,</span> <span class='ocrx_word' id='word_1_127' title='bbox 1182 1429 1207 1482; x_wconf 91' lang='lat' dir='ltr'>la</span> <span class='ocrx_word' id='word_1_128' title='bbox 1219 1443 1280 1482; x_wconf 86' lang='lat' dir='ltr'>rou·</span> 
     </span>
     <span class='ocr_line' id='line_1_12' title="bbox 329 1518 1282 1597; baseline -0.008 -14"><span class='ocrx_word' id='word_1_129' title='bbox 329 1543 397 1597; x_wconf 80' lang='lat' dir='ltr'>geur</span> <span class='ocrx_word' id='word_1_130' title='bbox 412 1539 507 1581; x_wconf 78' lang='lat' dir='ltr'>couvre</span> <span class='ocrx_word' id='word_1_131' title='bbox 523 1522 563 1578; x_wconf 93' lang='lat' dir='ltr'>les</span> <span class='ocrx_word' id='word_1_132' title='bbox 574 1522 649 1576; x_wconf 85' lang='lat' dir='ltr'>traits</span> <span class='ocrx_word' id='word_1_133' title='bbox 664 1521 700 1574; x_wconf 92' lang='lat' dir='ltr'>du</span> <span class='ocrx_word' id='word_1_134' title='bbox 712 1521 791 1590; x_wconf 85' lang='lat' dir='ltr'>jeune</span> <span class='ocrx_word' id='word_1_135' title='bbox 800 1518 902 1590; x_wconf 81' lang='lat' dir='ltr'>berger,</span> <span class='ocrx_word' id='word_1_136' title='bbox 914 1521 959 1590; x_wconf 91' lang='lat' dir='ltr'>qui</span> <span class='ocrx_word' id='word_1_137' title='bbox 970 1536 1004 1575; x_wconf 87' lang='lat' dir='ltr'>ne</span> <span class='ocrx_word' id='word_1_138' title='bbox 1015 1521 1119 1574; x_wconf 85' lang='lat' dir='ltr'>connait</span> <span class='ocrx_word' id='word_1_139' title='bbox 1131 1535 1177 1590; x_wconf 82' lang='lat' dir='ltr'>pas</span> <span class='ocrx_word' id='word_1_140' title='bbox 1189 1531 1282 1575; x_wconf 84' lang='lat' dir='ltr'>encore</span> 
     </span>
     <span class='ocr_line' id='line_1_13' title="bbox 328 1611 1281 1683; baseline -0.008 -7"><span class='ocrx_word' id='word_1_141' title='bbox 328 1621 452 1683; x_wconf 85' lang='lat' dir='ltr'>l&#39;amour,</span> <span class='ocrx_word' id='word_1_142' title='bbox 464 1621 493 1671; x_wconf 84' lang='lat' dir='ltr'>et</span> <span class='ocrx_word' id='word_1_143' title='bbox 506 1615 545 1670; x_wconf 91' lang='lat' dir='ltr'>lui</span> <span class='ocrx_word' id='word_1_144' title='bbox 560 1615 646 1668; x_wconf 90' lang='lat' dir='ltr'>donne</span> <span class='ocrx_word' id='word_1_145' title='bbox 659 1629 712 1668; x_wconf 90' lang='lat' dir='ltr'>une</span> <span class='ocrx_word' id='word_1_146' title='bbox 723 1614 798 1682; x_wconf 80' lang='lat' dir='ltr'>grace</span> <span class='ocrx_word' id='word_1_147' title='bbox 814 1613 943 1668; x_wconf 85' lang='lat' dir='ltr'>nouvelle.</span> <span class='ocrx_word' id='word_1_148' title='bbox 953 1613 1022 1668; x_wconf 81' lang='lat' dir='ltr'>&#39;lello</span> <span class='ocrx_word' id='word_1_149' title='bbox 1034 1618 1073 1667; x_wconf 86' lang='lat' dir='ltr'>est</span> <span class='ocrx_word' id='word_1_150' title='bbox 1085 1613 1110 1667; x_wconf 90' lang='lat' dir='ltr'>la</span> <span class='ocrx_word' id='word_1_151' title='bbox 1120 1613 1226 1667; x_wconf 83' lang='lat' dir='ltr'>couleur</span> <span class='ocrx_word' id='word_1_152' title='bbox 1235 1611 1281 1668; x_wconf 90' lang='lat' dir='ltr'>des</span> 
     </span>
     <span class='ocr_line' id='line_1_14' title="bbox 328 1693 1281 1780; baseline -0.008 -12"><span class='ocrx_word' id='word_1_153' title='bbox 328 1713 409 1768; x_wconf 82' lang='lat' dir='ltr'>lruits</span> <span class='ocrx_word' id='word_1_154' title='bbox 423 1693 531 1780; x_wconf 70' lang='lat' dir='ltr'>exposd&#39;s</span> <span class='ocrx_word' id='word_1_155' title='bbox 541 1723 575 1763; x_wconf 85' lang='lat' dir='ltr'>au</span> <span class='ocrx_word' id='word_1_156' title='bbox 584 1705 743 1770; x_wconf 12' lang='lat' dir='ltr'>soleil,soelle</span> <span class='ocrx_word' id='word_1_157' title='bbox 752 1706 785 1760; x_wconf 90' lang='lat' dir='ltr'>de</span> <span class='ocrx_word' id='word_1_158' title='bbox 793 1706 891 1760; x_wconf 87' lang='lat' dir='ltr'>l&#39;ivoire</span> <span class='ocrx_word' id='word_1_159' title='bbox 903 1705 1069 1777; x_wconf 78' lang='lat' dir='ltr'>empourpre,</span> <span class='ocrx_word' id='word_1_160' title='bbox 1082 1721 1117 1759; x_wconf 90' lang='lat' dir='ltr'>ou</span> <span class='ocrx_word' id='word_1_161' title='bbox 1131 1703 1213 1760; x_wconf 76' lang='lat' dir='ltr'>l&#39;eclat</span> <span class='ocrx_word' id='word_1_162' title='bbox 1224 1720 1281 1760; x_wconf 89' lang='lat' dir='ltr'>ver-</span> 
     </span>
     <span class='ocr_line' id='line_1_15' title="bbox 329 1797 1280 1869; baseline -0.008 -9"><span class='ocrx_word' id='word_1_163' title='bbox 329 1805 394 1860; x_wconf 90' lang='lat' dir='ltr'>meil</span> <span class='ocrx_word' id='word_1_164' title='bbox 408 1804 441 1858; x_wconf 90' lang='lat' dir='ltr'>de</span> <span class='ocrx_word' id='word_1_165' title='bbox 455 1802 479 1856; x_wconf 92' lang='lat' dir='ltr'>la</span> <span class='ocrx_word' id='word_1_166' title='bbox 496 1802 567 1864; x_wconf 89' lang='lat' dir='ltr'>lune,</span> <span class='ocrx_word' id='word_1_167' title='bbox 587 1799 694 1869; x_wconf 85' lang='lat' dir='ltr'>lorsque</span> <span class='ocrx_word' id='word_1_168' title='bbox 711 1798 812 1853; x_wconf 85' lang='lat' dir='ltr'>l&#39;aimin</span> <span class='ocrx_word' id='word_1_169' title='bbox 826 1814 921 1853; x_wconf 86' lang='lat' dir='ltr'>sonore</span> <span class='ocrx_word' id='word_1_170' title='bbox 939 1798 1058 1869; x_wconf 87' lang='lat' dir='ltr'>l&#39;appelle</span> <span class='ocrx_word' id='word_1_171' title='bbox 1072 1813 1105 1852; x_wconf 93' lang='lat' dir='ltr'>en</span> <span class='ocrx_word' id='word_1_172' title='bbox 1122 1797 1178 1852; x_wconf 73' lang='lat' dir='ltr'>run</span> <span class='ocrx_word' id='word_1_173' title='bbox 1195 1813 1241 1853; x_wconf 87' lang='lat' dir='ltr'>sur</span> <span class='ocrx_word' id='word_1_174' title='bbox 1255 1797 1280 1852; x_wconf 90' lang='lat' dir='ltr'>la</span> 
     </span>
     <span class='ocr_line' id='line_1_16' title="bbox 328 1890 1279 1966; baseline -0.007 -13"><span class='ocrx_word' id='word_1_175' title='bbox 328 1904 410 1953; x_wconf 89' lang='lat' dir='ltr'>terre.</span> <span class='ocrx_word' id='word_1_176' title='bbox 427 1895 461 1950; x_wconf 85' lang='lat' dir='ltr'>La</span> <span class='ocrx_word' id='word_1_177' title='bbox 471 1893 587 1966; x_wconf 82' lang='lat' dir='ltr'>Nymphe</span> <span class='ocrx_word' id='word_1_178' title='bbox 597 1897 658 1946; x_wconf 86' lang='lat' dir='ltr'>veut</span> <span class='ocrx_word' id='word_1_179' title='bbox 667 1891 795 1946; x_wconf 83' lang='lat' dir='ltr'>anmoins</span> <span class='ocrx_word' id='word_1_180' title='bbox 809 1890 913 1946; x_wconf 87' lang='lat' dir='ltr'>obtenir</span> <span class='ocrx_word' id='word_1_181' title='bbox 923 1907 960 1946; x_wconf 93' lang='lat' dir='ltr'>un</span> <span class='ocrx_word' id='word_1_182' title='bbox 974 1892 1007 1945; x_wconf 89' lang='lat' dir='ltr'>de</span> <span class='ocrx_word' id='word_1_183' title='bbox 1018 1907 1060 1946; x_wconf 89' lang='lat' dir='ltr'>ces</span> <span class='ocrx_word' id='word_1_184' title='bbox 1074 1891 1170 1946; x_wconf 85' lang='lat' dir='ltr'>baisers</span> <span class='ocrx_word' id='word_1_185' title='bbox 1183 1890 1279 1963; x_wconf 89' lang='lat' dir='ltr'>qu&#39;une</span> 
     </span>
     <span class='ocr_line' id='line_1_17' title="bbox 329 1983 1278 2056; baseline -0.006 -10"><span class='ocrx_word' id='word_1_186' title='bbox 329 2005 405 2046; x_wconf 84' lang='lat' dir='ltr'>soeur</span> <span class='ocrx_word' id='word_1_187' title='bbox 421 1989 504 2056; x_wconf 81' lang='lat' dir='ltr'>repoil</span> <span class='ocrx_word' id='word_1_188' title='bbox 521 1986 616 2041; x_wconf 88' lang='lat' dir='ltr'>deson</span> <span class='ocrx_word' id='word_1_189' title='bbox 634 1985 715 2039; x_wconf 78' lang='lat' dir='ltr'>frere.</span> <span class='ocrx_word' id='word_1_190' title='bbox 736 1983 794 2054; x_wconf 76' lang='lat' dir='ltr'>lle&#39;ja</span> <span class='ocrx_word' id='word_1_191' title='bbox 804 1985 857 2040; x_wconf 91' lang='lat' dir='ltr'>elle</span> <span class='ocrx_word' id='word_1_192' title='bbox 873 1985 942 2039; x_wconf 86' lang='lat' dir='ltr'>allait</span> <span class='ocrx_word' id='word_1_193' title='bbox 961 1985 1035 2040; x_wconf 85' lang='lat' dir='ltr'>saisir</span> <span class='ocrx_word' id='word_1_194' title='bbox 1051 1987 1074 2040; x_wconf 90' lang='lat' dir='ltr'>le</span> <span class='ocrx_word' id='word_1_195' title='bbox 1088 2001 1137 2040; x_wconf 90' lang='lat' dir='ltr'>cou</span> <span class='ocrx_word' id='word_1_196' title='bbox 1154 1983 1278 2041; x_wconf 81' lang='lat' dir='ltr'>d&#39;atbatre</span> 
     </span>
     <span class='ocr_line' id='line_1_18' title="bbox 329 2075 1299 2151; baseline -0.003 -15"><span class='ocrx_word' id='word_1_197' title='bbox 329 2078 590 2151; x_wconf 84' lang='lat' dir='ltr'>d&#39;llermaphrodite:</span> <span class='ocrx_word' id='word_1_198' title='bbox 607 2075 714 2141; x_wconf 74' lang='lat' dir='ltr'>adesse,</span> <span class='ocrx_word' id='word_1_199' title='bbox 729 2092 764 2131; x_wconf 92' lang='lat' dir='ltr'>ou</span> <span class='ocrx_word' id='word_1_200' title='bbox 774 2076 886 2147; x_wconf 63' lang='lat' dir='ltr'>teduis-</span> <span class='ocrx_word' id='word_1_201' title='bbox 896 2077 974 2142; x_wconf 82' lang='lat' dir='ltr'>dit-it,</span> <span class='ocrx_word' id='word_1_202' title='bbox 989 2083 1016 2131; x_wconf 89' lang='lat' dir='ltr'>et</span> <span class='ocrx_word' id='word_1_203' title='bbox 1031 2076 1058 2148; x_wconf 84' lang='lat' dir='ltr'>je</span> <span class='ocrx_word' id='word_1_204' title='bbox 1074 2083 1101 2133; x_wconf 88' lang='lat' dir='ltr'>te</span> <span class='ocrx_word' id='word_1_205' title='bbox 1114 2076 1188 2134; x_wconf 86' lang='lat' dir='ltr'>laisse</span> <span class='ocrx_word' id='word_1_206' title='bbox 1205 2079 1278 2134; x_wconf 89' lang='lat' dir='ltr'>seule</span> <span class='ocrx_word' id='word_1_207' title='bbox 1297 2102 1299 2106; x_wconf 33' lang='lat'>⁸</span> 
     </span>
     <span class='ocr_line' id='line_1_19' title="bbox 331 2155 1279 2238; baseline 0.001 -13"><span class='ocrx_word' id='word_1_208' title='bbox 331 2194 342 2225; x_wconf 77' lang='lat' dir='ltr'>e</span> <span class='ocrx_word' id='word_1_209' title='bbox 357 2190 392 2227; x_wconf 94' lang='lat' dir='ltr'>en</span> <span class='ocrx_word' id='word_1_210' title='bbox 401 2189 445 2227; x_wconf 91' lang='lat' dir='ltr'>ces</span> <span class='ocrx_word' id='word_1_211' title='bbox 454 2171 532 2226; x_wconf 84' lang='lat' dir='ltr'>lieux.</span> <span class='ocrx_word' id='word_1_212' title='bbox 546 2192 557 2223; x_wconf 78' lang='lat' dir='ltr'>r</span> <span class='ocrx_word' id='word_1_213' title='bbox 570 2169 692 2225; x_wconf 85' lang='lat' dir='ltr'>Salmacis</span> <span class='ocrx_word' id='word_1_214' title='bbox 701 2168 830 2224; x_wconf 86' lang='lat' dir='ltr'>tremble:</span> <span class='ocrx_word' id='word_1_215' title='bbox 844 2187 856 2219; x_wconf 75' lang='lat' dir='ltr'>c</span> <span class='ocrx_word' id='word_1_216' title='bbox 867 2155 1003 2238; x_wconf 68' lang='lat' dir='ltr'>Etrangen</span> <span class='ocrx_word' id='word_1_217' title='bbox 1011 2172 1064 2224; x_wconf 89' lang='lat' dir='ltr'>sois</span> <span class='ocrx_word' id='word_1_218' title='bbox 1071 2170 1137 2224; x_wconf 90' lang='lat' dir='ltr'>libre</span> <span class='ocrx_word' id='word_1_219' title='bbox 1149 2177 1176 2226; x_wconf 87' lang='lat' dir='ltr'>et</span> <span class='ocrx_word' id='word_1_220' title='bbox 1185 2171 1279 2227; x_wconf 86' lang='lat' dir='ltr'>maltro</span> 
     </span>
     <span class='ocr_line' id='line_1_20' title="bbox 330 2262 1278 2334; baseline 0.001 -16"><span class='ocrx_word' id='word_1_221' title='bbox 330 2288 341 2318; x_wconf 74' lang='lat' dir='ltr'>e</span> <span class='ocrx_word' id='word_1_222' title='bbox 356 2269 391 2322; x_wconf 89' lang='lat' dir='ltr'>de</span> <span class='ocrx_word' id='word_1_223' title='bbox 403 2272 445 2322; x_wconf 90' lang='lat' dir='ltr'>cet</span> <span class='ocrx_word' id='word_1_224' title='bbox 457 2266 530 2330; x_wconf 82' lang='lat' dir='ltr'>asilo,</span> <span class='ocrx_word' id='word_1_225' title='bbox 543 2286 554 2317; x_wconf 77' lang='lat' dir='ltr'>i</span> <span class='ocrx_word' id='word_1_226' title='bbox 566 2262 746 2334; x_wconf 76' lang='lat' dir='ltr'>repono-elle3</span> <span class='ocrx_word' id='word_1_227' title='bbox 762 2267 790 2317; x_wconf 85' lang='lat' dir='ltr'>et</span> <span class='ocrx_word' id='word_1_228' title='bbox 802 2263 851 2318; x_wconf 90' lang='lat' dir='ltr'>elle</span> <span class='ocrx_word' id='word_1_229' title='bbox 863 2264 927 2319; x_wconf 84' lang='lat' dir='ltr'>ieint</span> <span class='ocrx_word' id='word_1_230' title='bbox 937 2265 970 2319; x_wconf 90' lang='lat' dir='ltr'>de</span> <span class='ocrx_word' id='word_1_231' title='bbox 983 2279 1011 2319; x_wconf 89' lang='lat' dir='ltr'>se</span> <span class='ocrx_word' id='word_1_232' title='bbox 1023 2264 1126 2320; x_wconf 87' lang='lat' dir='ltr'>retirer.</span> <span class='ocrx_word' id='word_1_233' title='bbox 1139 2263 1209 2329; x_wconf 88' lang='lat' dir='ltr'>llais,</span> <span class='ocrx_word' id='word_1_234' title='bbox 1219 2280 1278 2320; x_wconf 88' lang='lat' dir='ltr'>saus</span> 
     </span>
    </p>
   </div>
   <div class='ocr_carea' id='block_1_3' title="bbox 432 2465 1174 3935">
    <p class='ocr_par' dir='ltr' id='par_1_3' title="bbox 434 2465 1024 2522">
     <span class='ocr_line' id='line_1_21' title="bbox 434 2465 1024 2522; baseline -0.007 -11"><span class='ocrx_word' id='word_1_235' title='bbox 434 2468 502 2517; x_wconf 84' lang='lat' dir='ltr'>Quam</span> <span class='ocrx_word' id='word_1_236' title='bbox 514 2478 538 2510; x_wconf 89' lang='lat' dir='ltr'>se</span> <span class='ocrx_word' id='word_1_237' title='bbox 549 2465 677 2520; x_wconf 82' lang='lat' dir='ltr'>composuit,</span> <span class='ocrx_word' id='word_1_238' title='bbox 690 2477 754 2519; x_wconf 84' lang='lat' dir='ltr'>quam</span> <span class='ocrx_word' id='word_1_239' title='bbox 766 2465 917 2522; x_wconf 84' lang='lat' dir='ltr'>circumspexit</span> <span class='ocrx_word' id='word_1_240' title='bbox 925 2465 1024 2520; x_wconf 87' lang='lat' dir='ltr'>amictus,</span> 
     </span>
    </p>

    <p class='ocr_par' dir='ltr' id='par_1_4' title="bbox 434 2536 957 2587">
     <span class='ocr_line' id='line_1_22' title="bbox 434 2536 957 2587; baseline -0.004 -6"><span class='ocrx_word' id='word_1_241' title='bbox 434 2538 461 2581; x_wconf 80' lang='lat' dir='ltr'>Et</span> <span class='ocrx_word' id='word_1_242' title='bbox 473 2537 534 2580; x_wconf 81' lang='lat' dir='ltr'>[inxit</span> <span class='ocrx_word' id='word_1_243' title='bbox 545 2537 639 2587; x_wconf 87' lang='lat' dir='ltr'>vultum,</span> <span class='ocrx_word' id='word_1_244' title='bbox 652 2543 675 2578; x_wconf 90' lang='lat' dir='ltr'>et</span> <span class='ocrx_word' id='word_1_245' title='bbox 687 2536 767 2579; x_wconf 84' lang='lat' dir='ltr'>meruit</span> <span class='ocrx_word' id='word_1_246' title='bbox 775 2536 869 2579; x_wconf 76' lang='lat' dir='ltr'>formosa</span> <span class='ocrx_word' id='word_1_247' title='bbox 880 2536 957 2579; x_wconf 84' lang='lat' dir='ltr'>rideri.</span> 
     </span>
    </p>

    <p class='ocr_par' dir='ltr' id='par_1_5' title="bbox 435 2596 1174 2733">
     <span class='ocr_line' id='line_1_23' title="bbox 435 2596 1174 2662; baseline -0.004 -11"><span class='ocrx_word' id='word_1_248' title='bbox 435 2609 497 2651; x_wconf 83' lang='lat' dir='ltr'>&#39;luno</span> <span class='ocrx_word' id='word_1_249' title='bbox 510 2608 541 2651; x_wconf 88' lang='lat' dir='ltr'>sic</span> <span class='ocrx_word' id='word_1_250' title='bbox 550 2620 597 2651; x_wconf 87' lang='lat' dir='ltr'>orsa</span> <span class='ocrx_word' id='word_1_251' title='bbox 612 2607 688 2662; x_wconf 89' lang='lat' dir='ltr'>loqui:</span> <span class='ocrx_word' id='word_1_252' title='bbox 703 2619 714 2647; x_wconf 73' lang='lat' dir='ltr'>a</span> <span class='ocrx_word' id='word_1_253' title='bbox 727 2607 781 2650; x_wconf 88' lang='lat' dir='ltr'>Puer</span> <span class='ocrx_word' id='word_1_254' title='bbox 795 2619 808 2649; x_wconf 94' lang='lat' dir='ltr'>o</span> <span class='ocrx_word' id='word_1_255' title='bbox 819 2607 946 2662; x_wconf 81' lang='lat' dir='ltr'>dignissime</span> <span class='ocrx_word' id='word_1_256' title='bbox 957 2605 1017 2650; x_wconf 89' lang='lat' dir='ltr'>credi</span> <span class='ocrx_word' id='word_1_257' title='bbox 1134 2596 1174 2641; x_wconf 65' lang='lat'>320</span> 
     </span>
     <span class='ocr_line' id='line_1_24' title="bbox 437 2676 1020 2733; baseline 0.002 -16"><span class='ocrx_word' id='word_1_258' title='bbox 437 2695 449 2717; x_wconf 79' lang='grc' dir='ltr'>ι</span> <span class='ocrx_word' id='word_1_259' title='bbox 463 2679 513 2721; x_wconf 83' lang='lat' dir='ltr'>Esse</span> <span class='ocrx_word' id='word_1_260' title='bbox 527 2678 588 2729; x_wconf 88' lang='lat' dir='ltr'>deus;</span> <span class='ocrx_word' id='word_1_261' title='bbox 602 2690 640 2721; x_wconf 85' lang='lat' dir='ltr'>seu</span> <span class='ocrx_word' id='word_1_262' title='bbox 654 2683 677 2719; x_wconf 89' lang='lat' dir='ltr'>tu</span> <span class='ocrx_word' id='word_1_263' title='bbox 690 2676 743 2720; x_wconf 86' lang='lat' dir='ltr'>deus</span> <span class='ocrx_word' id='word_1_264' title='bbox 754 2690 785 2729; x_wconf 78' lang='lat' dir='ltr'>es,</span> <span class='ocrx_word' id='word_1_265' title='bbox 796 2684 859 2733; x_wconf 88' lang='lat' dir='ltr'>potes</span> <span class='ocrx_word' id='word_1_266' title='bbox 870 2691 917 2720; x_wconf 87' lang='lat' dir='ltr'>esse</span> <span class='ocrx_word' id='word_1_267' title='bbox 928 2677 1020 2732; x_wconf 85' lang='lat' dir='ltr'>Cupido;</span> 
     </span>
    </p>

    <p class='ocr_par' dir='ltr' id='par_1_6' title="bbox 438 2748 933 2803">
     <span class='ocr_line' id='line_1_25' title="bbox 438 2748 933 2803; baseline 0.002 -15"><span class='ocrx_word' id='word_1_268' title='bbox 438 2768 448 2788; x_wconf 77' lang='grc' dir='ltr'>ι</span> <span class='ocrx_word' id='word_1_269' title='bbox 460 2750 509 2794; x_wconf 77' lang='lat' dir='ltr'>sive</span> <span class='ocrx_word' id='word_1_270' title='bbox 520 2755 553 2792; x_wconf 91' lang='lat' dir='ltr'>est</span> <span class='ocrx_word' id='word_1_271' title='bbox 563 2748 668 2800; x_wconf 84' lang='lat' dir='ltr'>mortalis,</span> <span class='ocrx_word' id='word_1_272' title='bbox 678 2749 715 2802; x_wconf 94' lang='lat' dir='ltr'>qui</span> <span class='ocrx_word' id='word_1_273' title='bbox 729 2756 750 2790; x_wconf 86' lang='lat' dir='ltr'>te</span> <span class='ocrx_word' id='word_1_274' title='bbox 761 2761 855 2803; x_wconf 80' lang='lat' dir='ltr'>genuere</span> <span class='ocrx_word' id='word_1_275' title='bbox 867 2748 933 2801; x_wconf 83' lang='lat' dir='ltr'>beati,</span> 
     </span>
    </p>

    <p class='ocr_par' dir='ltr' id='par_1_7' title="bbox 437 2818 902 2873">
     <span class='ocr_line' id='line_1_26' title="bbox 437 2818 902 2873; baseline -0.006 -10"><span class='ocrx_word' id='word_1_276' title='bbox 437 2838 447 2858; x_wconf 82' lang='grc' dir='ltr'>ι</span> <span class='ocrx_word' id='word_1_277' title='bbox 461 2820 487 2863; x_wconf 82' lang='lat' dir='ltr'>Et</span> <span class='ocrx_word' id='word_1_278' title='bbox 501 2819 567 2863; x_wconf 82' lang='lat' dir='ltr'>irater</span> <span class='ocrx_word' id='word_1_279' title='bbox 579 2819 636 2868; x_wconf 82' lang='lat' dir='ltr'>selix,</span> <span class='ocrx_word' id='word_1_280' title='bbox 650 2824 672 2861; x_wconf 88' lang='lat' dir='ltr'>et</span> <span class='ocrx_word' id='word_1_281' title='bbox 685 2819 794 2861; x_wconf 83' lang='lat' dir='ltr'>fortunata</span> <span class='ocrx_word' id='word_1_282' title='bbox 806 2818 902 2873; x_wconf 82' lang='lat' dir='ltr'>prolecto</span> 
     </span>
    </p>

    <p class='ocr_par' dir='ltr' id='par_1_8' title="bbox 436 2887 1048 2945">
     <span class='ocr_line' id='line_1_27' title="bbox 436 2887 1048 2945; baseline 0.007 -14"><span class='ocrx_word' id='word_1_283' title='bbox 436 2892 481 2934; x_wconf 82' lang='lat' dir='ltr'>«Si</span> <span class='ocrx_word' id='word_1_284' title='bbox 493 2902 535 2945; x_wconf 89' lang='lat' dir='ltr'>qua</span> <span class='ocrx_word' id='word_1_285' title='bbox 548 2890 588 2933; x_wconf 88' lang='lat' dir='ltr'>tibi</span> <span class='ocrx_word' id='word_1_286' title='bbox 600 2901 659 2932; x_wconf 89' lang='lat' dir='ltr'>soror</span> <span class='ocrx_word' id='word_1_287' title='bbox 671 2896 713 2942; x_wconf 84' lang='lat' dir='ltr'>est,</span> <span class='ocrx_word' id='word_1_288' title='bbox 725 2894 746 2933; x_wconf 88' lang='lat' dir='ltr'>et</span> <span class='ocrx_word' id='word_1_289' title='bbox 757 2901 806 2943; x_wconf 76' lang='lat' dir='ltr'>que</span> <span class='ocrx_word' id='word_1_290' title='bbox 819 2887 880 2933; x_wconf 88' lang='lat' dir='ltr'>dedit</span> <span class='ocrx_word' id='word_1_291' title='bbox 892 2889 956 2933; x_wconf 87' lang='lat' dir='ltr'>ubera</span> <span class='ocrx_word' id='word_1_292' title='bbox 968 2889 1048 2935; x_wconf 85' lang='lat' dir='ltr'>nutrix.</span> 
     </span>
    </p>

    <p class='ocr_par' dir='ltr' id='par_1_9' title="bbox 436 2955 1171 3086">
     <span class='ocr_line' id='line_1_28' title="bbox 436 2955 1171 3015; baseline -0.001 -14"><span class='ocrx_word' id='word_1_293' title='bbox 436 2978 447 3001; x_wconf 76' lang='grc' dir='ltr'>ι</span> <span class='ocrx_word' id='word_1_294' title='bbox 459 2960 499 3004; x_wconf 85' lang='lat' dir='ltr'>Sed</span> <span class='ocrx_word' id='word_1_295' title='bbox 508 2961 571 3015; x_wconf 81' lang='lat' dir='ltr'>longe</span> <span class='ocrx_word' id='word_1_296' title='bbox 582 2960 674 3012; x_wconf 83' lang='lat' dir='ltr'>cunctis,</span> <span class='ocrx_word' id='word_1_297' title='bbox 688 2958 793 3014; x_wconf 86' lang='lat' dir='ltr'>longeque</span> <span class='ocrx_word' id='word_1_298' title='bbox 803 2959 909 3013; x_wconf 86' lang='lat' dir='ltr'>potentior</span> <span class='ocrx_word' id='word_1_299' title='bbox 919 2961 970 3013; x_wconf 87' lang='lat' dir='ltr'>illis,</span> <span class='ocrx_word' id='word_1_300' title='bbox 1131 2955 1171 3001; x_wconf 66' lang='lat'>525</span> 
     </span>
     <span class='ocr_line' id='line_1_29' title="bbox 436 3030 1039 3086; baseline 0.007 -16"><span class='ocrx_word' id='word_1_301' title='bbox 436 3049 447 3070; x_wconf 83' lang='lat'><strong>«</strong></span> <span class='ocrx_word' id='word_1_302' title='bbox 459 3032 480 3075; x_wconf 90' lang='lat' dir='ltr'>Si</span> <span class='ocrx_word' id='word_1_303' title='bbox 492 3044 534 3086; x_wconf 87' lang='lat' dir='ltr'>qua</span> <span class='ocrx_word' id='word_1_304' title='bbox 547 3030 586 3073; x_wconf 86' lang='lat' dir='ltr'>tibi</span> <span class='ocrx_word' id='word_1_305' title='bbox 598 3043 677 3085; x_wconf 91' lang='lat' dir='ltr'>sponsa</span> <span class='ocrx_word' id='word_1_306' title='bbox 688 3037 730 3081; x_wconf 88' lang='lat' dir='ltr'>est,</span> <span class='ocrx_word' id='word_1_307' title='bbox 743 3031 760 3072; x_wconf 89' lang='lat' dir='ltr'>si</span> <span class='ocrx_word' id='word_1_308' title='bbox 773 3042 837 3084; x_wconf 89' lang='lat' dir='ltr'>quam</span> <span class='ocrx_word' id='word_1_309' title='bbox 847 3031 964 3085; x_wconf 75' lang='lat' dir='ltr'>dignabere</span> <span class='ocrx_word' id='word_1_310' title='bbox 977 3032 1039 3076; x_wconf 68' lang='lat' dir='ltr'>taeda.</span> 
     </span>
    </p>

    <p class='ocr_par' dir='ltr' id='par_1_10' title="bbox 436 3100 1075 3156">
     <span class='ocr_line' id='line_1_30' title="bbox 436 3100 1075 3156; baseline 0.002 -13"><span class='ocrx_word' id='word_1_311' title='bbox 436 3120 447 3143; x_wconf 75' lang='grc' dir='ltr'>ι</span> <span class='ocrx_word' id='word_1_312' title='bbox 460 3103 508 3145; x_wconf 79' lang='lat' dir='ltr'>llaec</span> <span class='ocrx_word' id='word_1_313' title='bbox 522 3101 561 3143; x_wconf 88' lang='lat' dir='ltr'>tihi</span> <span class='ocrx_word' id='word_1_314' title='bbox 575 3102 620 3143; x_wconf 85' lang='lat' dir='ltr'>sive</span> <span class='ocrx_word' id='word_1_315' title='bbox 632 3100 704 3154; x_wconf 85' lang='lat' dir='ltr'>aliqua</span> <span class='ocrx_word' id='word_1_316' title='bbox 714 3105 754 3152; x_wconf 82' lang='lat' dir='ltr'>est,</span> <span class='ocrx_word' id='word_1_317' title='bbox 770 3113 818 3144; x_wconf 86' lang='lat' dir='ltr'>mea</span> <span class='ocrx_word' id='word_1_318' title='bbox 829 3102 860 3143; x_wconf 89' lang='lat' dir='ltr'>sit</span> <span class='ocrx_word' id='word_1_319' title='bbox 872 3101 953 3145; x_wconf 82' lang='lat' dir='ltr'>furtiva</span> <span class='ocrx_word' id='word_1_320' title='bbox 964 3101 1075 3156; x_wconf 82' lang='lat' dir='ltr'>voluptas3</span> 
     </span>
    </p>

    <p class='ocr_par' dir='ltr' id='par_1_11' title="bbox 434 3172 1129 3295">
     <span class='ocr_line' id='line_1_31' title="bbox 436 3172 1129 3227; baseline 0.003 -16"><span class='ocrx_word' id='word_1_321' title='bbox 436 3191 445 3211; x_wconf 76' lang='grc' dir='ltr'>ι</span> <span class='ocrx_word' id='word_1_322' title='bbox 458 3174 499 3216; x_wconf 90' lang='lat' dir='ltr'>Seu</span> <span class='ocrx_word' id='word_1_323' title='bbox 506 3172 565 3215; x_wconf 89' lang='lat' dir='ltr'>nulla</span> <span class='ocrx_word' id='word_1_324' title='bbox 575 3179 615 3225; x_wconf 88' lang='lat' dir='ltr'>est,</span> <span class='ocrx_word' id='word_1_325' title='bbox 623 3184 662 3227; x_wconf 82' lang='lat' dir='ltr'>ego</span> <span class='ocrx_word' id='word_1_326' title='bbox 670 3173 888 3227; x_wconf 83' lang='lat' dir='ltr'>sim,tlralamumquo</span> <span class='ocrx_word' id='word_1_327' title='bbox 895 3175 993 3216; x_wconf 90' lang='lat' dir='ltr'>ineamus</span> <span class='ocrx_word' id='word_1_328' title='bbox 1001 3173 1129 3218; x_wconf 77' lang='lat' dir='ltr'>eumdem.»</span> 
     </span>
     <span class='ocr_line' id='line_1_32' title="bbox 434 3243 969 3295; baseline -0.002 -8"><span class='ocrx_word' id='word_1_329' title='bbox 434 3244 486 3287; x_wconf 81' lang='lat' dir='ltr'>llais</span> <span class='ocrx_word' id='word_1_330' title='bbox 497 3243 523 3285; x_wconf 86' lang='lat' dir='ltr'>ab</span> <span class='ocrx_word' id='word_1_331' title='bbox 537 3244 572 3286; x_wconf 86' lang='lat' dir='ltr'>his</span> <span class='ocrx_word' id='word_1_332' title='bbox 582 3245 659 3286; x_wconf 91' lang='lat' dir='ltr'>tacuit.</span> <span class='ocrx_word' id='word_1_333' title='bbox 673 3244 736 3286; x_wconf 85' lang='lat' dir='ltr'>Pueri</span> <span class='ocrx_word' id='word_1_334' title='bbox 751 3244 818 3287; x_wconf 84' lang='lat' dir='ltr'>rubor</span> <span class='ocrx_word' id='word_1_335' title='bbox 832 3256 869 3287; x_wconf 86' lang='lat' dir='ltr'>ora</span> <span class='ocrx_word' id='word_1_336' title='bbox 882 3245 969 3295; x_wconf 82' lang='lat' dir='ltr'>notavit,</span> 
     </span>
    </p>

    <p class='ocr_par' dir='ltr' id='par_1_12' title="bbox 433 3308 1173 3442">
     <span class='ocr_line' id='line_1_33' title="bbox 433 3308 1173 3368; baseline 0.001 -11"><span class='ocrx_word' id='word_1_337' title='bbox 433 3313 509 3357; x_wconf 78' lang='lat' dir='ltr'>Nescia</span> <span class='ocrx_word' id='word_1_338' title='bbox 523 3314 575 3368; x_wconf 89' lang='lat' dir='ltr'>quid</span> <span class='ocrx_word' id='word_1_339' title='bbox 588 3314 616 3357; x_wconf 87' lang='lat' dir='ltr'>sit</span> <span class='ocrx_word' id='word_1_340' title='bbox 627 3327 700 3366; x_wconf 61' lang='lat' dir='ltr'>aunon</span> <span class='ocrx_word' id='word_1_341' title='bbox 716 3316 753 3358; x_wconf 90' lang='lat' dir='ltr'>sed</span> <span class='ocrx_word' id='word_1_342' title='bbox 766 3318 788 3357; x_wconf 87' lang='lat' dir='ltr'>et</span> <span class='ocrx_word' id='word_1_343' title='bbox 797 3316 909 3358; x_wconf 85' lang='lat' dir='ltr'>erubuisse</span> <span class='ocrx_word' id='word_1_344' title='bbox 921 3315 1014 3360; x_wconf 88' lang='lat' dir='ltr'>decebat.</span> <span class='ocrx_word' id='word_1_345' title='bbox 1133 3308 1173 3353; x_wconf 75' lang='lat'>550</span> 
     </span>
     <span class='ocr_line' id='line_1_34' title="bbox 434 3385 957 3442; baseline 0.004 -15"><span class='ocrx_word' id='word_1_346' title='bbox 434 3385 472 3427; x_wconf 90' lang='lat' dir='ltr'>llic</span> <span class='ocrx_word' id='word_1_347' title='bbox 484 3386 542 3428; x_wconf 91' lang='lat' dir='ltr'>color</span> <span class='ocrx_word' id='word_1_348' title='bbox 555 3385 626 3440; x_wconf 87' lang='lat' dir='ltr'>aprica</span> <span class='ocrx_word' id='word_1_349' title='bbox 637 3386 781 3441; x_wconf 80' lang='lat' dir='ltr'>pendentibus</span> <span class='ocrx_word' id='word_1_350' title='bbox 793 3388 867 3430; x_wconf 86' lang='lat' dir='ltr'>arbore</span> <span class='ocrx_word' id='word_1_351' title='bbox 881 3388 957 3442; x_wconf 86' lang='lat' dir='ltr'>pomis,</span> 
     </span>
    </p>

    <p class='ocr_par' dir='ltr' id='par_1_13' title="bbox 434 3456 996 3512">
     <span class='ocr_line' id='line_1_35' title="bbox 434 3456 996 3512; baseline 0.002 -13"><span class='ocrx_word' id='word_1_352' title='bbox 434 3458 475 3499; x_wconf 77' lang='lat' dir='ltr'>Aut</span> <span class='ocrx_word' id='word_1_353' title='bbox 487 3456 545 3499; x_wconf 85' lang='lat' dir='ltr'>ebori</span> <span class='ocrx_word' id='word_1_354' title='bbox 558 3458 628 3501; x_wconf 87' lang='lat' dir='ltr'>tincto</span> <span class='ocrx_word' id='word_1_355' title='bbox 642 3462 682 3509; x_wconf 82' lang='lat' dir='ltr'>ost,</span> <span class='ocrx_word' id='word_1_356' title='bbox 696 3462 734 3500; x_wconf 87' lang='lat' dir='ltr'>aut</span> <span class='ocrx_word' id='word_1_357' title='bbox 747 3458 787 3500; x_wconf 87' lang='lat' dir='ltr'>suh</span> <span class='ocrx_word' id='word_1_358' title='bbox 798 3457 891 3500; x_wconf 84' lang='lat' dir='ltr'>candore</span> <span class='ocrx_word' id='word_1_359' title='bbox 902 3458 996 3512; x_wconf 88' lang='lat' dir='ltr'>rubenti,</span> 
     </span>
    </p>

    <p class='ocr_par' dir='ltr' id='par_1_14' title="bbox 433 3527 963 3574">
     <span class='ocr_line' id='line_1_36' title="bbox 433 3527 963 3574; baseline 0.009 -7"><span class='ocrx_word' id='word_1_360' title='bbox 433 3527 503 3574; x_wconf 82' lang='lat' dir='ltr'>Otium</span> <span class='ocrx_word' id='word_1_361' title='bbox 515 3527 596 3569; x_wconf 78' lang='lat' dir='ltr'>frustra</span> <span class='ocrx_word' id='word_1_362' title='bbox 609 3532 711 3569; x_wconf 83' lang='lat' dir='ltr'>resonant</span> <span class='ocrx_word' id='word_1_363' title='bbox 722 3540 763 3570; x_wconf 77' lang='lat' dir='ltr'>:era</span> <span class='ocrx_word' id='word_1_364' title='bbox 777 3529 887 3571; x_wconf 82' lang='lat' dir='ltr'>auxiliaria</span> <span class='ocrx_word' id='word_1_365' title='bbox 899 3530 963 3572; x_wconf 69' lang='lat' dir='ltr'>lunae.</span> 
     </span>
    </p>

    <p class='ocr_par' dir='ltr' id='par_1_15' title="bbox 432 3595 940 3652">
     <span class='ocr_line' id='line_1_37' title="bbox 432 3595 940 3652; baseline 0.01 -15"><span class='ocrx_word' id='word_1_366' title='bbox 432 3595 533 3638; x_wconf 85' lang='lat' dir='ltr'>Poscenti</span> <span class='ocrx_word' id='word_1_367' title='bbox 545 3597 646 3652; x_wconf 77' lang='lat' dir='ltr'>Nymphae</span> <span class='ocrx_word' id='word_1_368' title='bbox 660 3599 706 3640; x_wconf 88' lang='lat' dir='ltr'>sine</span> <span class='ocrx_word' id='word_1_369' title='bbox 719 3598 762 3641; x_wconf 86' lang='lat' dir='ltr'>fine</span> <span class='ocrx_word' id='word_1_370' title='bbox 771 3600 851 3642; x_wconf 90' lang='lat' dir='ltr'>sororia</span> <span class='ocrx_word' id='word_1_371' title='bbox 866 3597 940 3641; x_wconf 82' lang='lat' dir='ltr'>saltem</span> 
     </span>
    </p>

    <p class='ocr_par' dir='ltr' id='par_1_16' title="bbox 433 3665 1170 3797">
     <span class='ocr_line' id='line_1_38' title="bbox 433 3665 1170 3723; baseline 0.014 -16"><span class='ocrx_word' id='word_1_372' title='bbox 433 3665 519 3718; x_wconf 80' lang='lat' dir='ltr'>Oscula,</span> <span class='ocrx_word' id='word_1_373' title='bbox 531 3668 621 3723; x_wconf 83' lang='lat' dir='ltr'>jamque</span> <span class='ocrx_word' id='word_1_374' title='bbox 633 3681 709 3712; x_wconf 82' lang='lat' dir='ltr'>marrus</span> <span class='ocrx_word' id='word_1_375' title='bbox 722 3670 749 3712; x_wconf 89' lang='lat' dir='ltr'>ad</span> <span class='ocrx_word' id='word_1_376' title='bbox 762 3669 856 3722; x_wconf 86' lang='lat' dir='ltr'>eburnea</span> <span class='ocrx_word' id='word_1_377' title='bbox 870 3670 922 3713; x_wconf 87' lang='lat' dir='ltr'>colla</span> <span class='ocrx_word' id='word_1_378' title='bbox 934 3671 1024 3716; x_wconf 84' lang='lat' dir='ltr'>serenti:</span> <span class='ocrx_word' id='word_1_379' title='bbox 1130 3665 1170 3708; x_wconf 76' lang='lat'>535</span> 
     </span>
     <span class='ocr_line' id='line_1_39' title="bbox 435 3738 1051 3797; baseline 0.01 -20"><span class='ocrx_word' id='word_1_380' title='bbox 435 3754 445 3775; x_wconf 74' lang='grc' dir='ltr'>ι</span> <span class='ocrx_word' id='word_1_381' title='bbox 459 3738 545 3790; x_wconf 84' lang='lat' dir='ltr'>Desine,</span> <span class='ocrx_word' id='word_1_382' title='bbox 556 3739 590 3780; x_wconf 87' lang='lat' dir='ltr'>vel</span> <span class='ocrx_word' id='word_1_383' title='bbox 604 3739 669 3794; x_wconf 81' lang='lat' dir='ltr'>fugio,</span> <span class='ocrx_word' id='word_1_384' title='bbox 683 3747 805 3795; x_wconf 87' lang='lat' dir='ltr'>tecumque,</span> <span class='ocrx_word' id='word_1_385' title='bbox 818 3742 855 3794; x_wconf 86' lang='lat' dir='ltr'>ait,</span> <span class='ocrx_word' id='word_1_386' title='bbox 872 3743 912 3785; x_wconf 90' lang='lat' dir='ltr'>ista</span> <span class='ocrx_word' id='word_1_387' title='bbox 924 3742 1051 3797; x_wconf 80' lang='lat' dir='ltr'>relinquo.»</span> 
     </span>
    </p>

    <p class='ocr_par' dir='ltr' id='par_1_17' title="bbox 434 3806 1060 3864">
     <span class='ocr_line' id='line_1_40' title="bbox 434 3806 1060 3864; baseline 0.013 -17"><span class='ocrx_word' id='word_1_388' title='bbox 434 3806 536 3848; x_wconf 86' lang='lat' dir='ltr'>Salmacis</span> <span class='ocrx_word' id='word_1_389' title='bbox 547 3807 657 3852; x_wconf 78' lang='lat' dir='ltr'>extimuit:</span> <span class='ocrx_word' id='word_1_390' title='bbox 670 3825 679 3845; x_wconf 85' lang='lat'><strong>«</strong></span> <span class='ocrx_word' id='word_1_391' title='bbox 692 3810 788 3863; x_wconf 80' lang='lat' dir='ltr'>locaque</span> <span class='ocrx_word' id='word_1_392' title='bbox 802 3811 846 3852; x_wconf 78' lang='lat' dir='ltr'>lraec</span> <span class='ocrx_word' id='word_1_393' title='bbox 858 3809 897 3853; x_wconf 88' lang='lat' dir='ltr'>tibi</span> <span class='ocrx_word' id='word_1_394' title='bbox 911 3811 977 3854; x_wconf 90' lang='lat' dir='ltr'>libera</span> <span class='ocrx_word' id='word_1_395' title='bbox 991 3813 1060 3864; x_wconf 88' lang='lat' dir='ltr'>trado,</span> 
     </span>
    </p>

    <p class='ocr_par' dir='ltr' id='par_1_18' title="bbox 435 3876 1053 3935">
     <span class='ocr_line' id='line_1_41' title="bbox 435 3876 1053 3935; baseline 0.01 -16"><span class='ocrx_word' id='word_1_396' title='bbox 435 3893 446 3914; x_wconf 72' lang='grc' dir='ltr'>ι</span> <span class='ocrx_word' id='word_1_397' title='bbox 459 3876 569 3932; x_wconf 50' lang='lat' dir='ltr'>Hospes„</span> <span class='ocrx_word' id='word_1_398' title='bbox 584 3881 625 3932; x_wconf 88' lang='lat' dir='ltr'>ait;</span> <span class='ocrx_word' id='word_1_399' title='bbox 637 3880 770 3935; x_wconf 87' lang='lat' dir='ltr'>simulatque</span> <span class='ocrx_word' id='word_1_400' title='bbox 782 3882 850 3935; x_wconf 78' lang='lat' dir='ltr'>gradu</span> <span class='ocrx_word' id='word_1_401' title='bbox 862 3881 971 3925; x_wconf 81' lang='lat' dir='ltr'>discedere</span> <span class='ocrx_word' id='word_1_402' title='bbox 984 3895 1053 3926; x_wconf 87' lang='lat' dir='ltr'>verso.</span> 
     </span>
    </p>
   </div>
   <div class='ocr_carea' id='block_1_4' title="bbox 0 0 1696 4675">
    <p class='ocr_par' dir='ltr' id='par_1_19' title="bbox 0 0 1696 4675">
     <span class='ocr_line' id='line_1_42' title="bbox 0 0 1696 4675; baseline 0 5"><span class='ocrx_word' id='word_1_403' title='bbox 0 0 1696 4675; x_wconf 95' lang='lat' dir='ltr'> </span> 
     </span>
    </p>
   </div>
  </div>
 </body>
</html>
