3384 4675
676 610 679 617 -
736 574 837 625 utana
858 574 913 624 VH.
1253 574 1298 625 id't

284 679 285 682 ’
353 687 407 742 Suu
421 687 463 742 tiis
476 687 547 743 alors
568 687 614 742 tait
635 685 761 742 entendre
776 701 819 741 ees
840 692 926 741 mets:
943 683 1046 748 rOtoi,
1067 684 1178 740 l'nuteur
1190 683 1222 738 de
1236 700 1298 740 mon

352 780 430 847 salut,
441 781 518 836 chere
527 781 633 852 epouse,
647 787 676 836 tu
688 779 753 835 m'as
762 778 864 835 comble
872 779 905 834 de
913 784 951 834 tes
956 777 1086 843 bieniaits,
1097 783 1123 833 et
1132 783 1158 832 ta
1171 776 1300 832 liberalite

351 889 428 944 passe
441 880 515 930 toute
533 888 665 944 croyance.
683 871 838 943 dependant,
856 871 879 925 si
892 870 943 926 elle
957 878 1021 941 peut
1038 871 1101 926 aller
1116 870 1246 941 jusque-lb
1261 870 1298 943 (et

349 983 405 1039 que
417 983 452 1024 ne
463 973 575 1038 peuvent
590 973 628 1022 tes
646 966 872 1021 encbantements!
883 963 903 1036 ),
915 965 1051 1020 retrnncbe
1064 965 1189 1036 quelques
1202 964 1299 1019 unndffl

351 1059 387 1115 de
402 1074 445 1114 ma
464 1059 514 1123 rie,
536 1064 563 1114 et
580 1057 717 1129 ajoute-les
736 1075 786 1113 aux
803 1058 899 1112 anuees
915 1058 948 1112 dc
960 1052 1021 1113 meir
1035 1058 1109 1129 pere.
1121 1077 1132 1109 n
1145 1056 1183 1111 En
1196 1057 1298 1128 pariant

350 1153 428 1217 ainsi,
444 1152 510 1208 ilne
521 1157 584 1224 peut
596 1151 693 1207 retenir
706 1167 747 1206 ses
761 1152 867 1206 larmes.
884 1151 953 1208 cette
964 1153 1051 1224 priore
1064 1151 1189 1207 atteudrit
1202 1150 1296 1206 bedee.

351 1243 406 1299 Son
418 1261 501 1309 cueur,
515 1243 575 1299 bien
586 1242 707 1298 different
720 1243 752 1298 de
763 1243 830 1298 celui
843 1249 875 1298 de
883 1243 970 1308 tason,
986 1259 1014 1298 se
1029 1251 1133 1327 reperte
1144 1258 1200 1297 vers
1210 1230 1296 1307 detes,

351 1335 448 1406 qu'elle
459 1352 475 1390 a
488 1335 579 1406 quitte.
595 1333 654 1389 Mais
670 1334 720 1389 elle
733 1349 771 1389 uc
780 1334 856 1389 larsse
868 1350 914 1404 pas
931 1334 1025 1388 dolator
1044 1349 1092 1389 son
1110 1333 1235 1388 emotiun.
1254 1333 1298 1388 «0

351 1443 416 1483 mon
428 1428 528 1500 epoux!
544 1427 649 1498 ditelle,
664 1428 724 1498 quel
736 1441 799 1480 uoeu
811 1425 946 1494 cnupable
963 1430 1002 1480 est
1018 1425 1082 1480 sorti
1094 1425 1127 1480 de
1137 1429 1165 1481 ta
1181 1424 1309 1487 bouchet

350 1519 432 1583 Quoi!
450 1520 477 1592 J'e
492 1519 611 1592 pourrais
629 1519 743 1590 prendre
760 1532 806 1571 sur
826 1522 855 1570 ta
874 1531 914 1572 ne
935 1533 1003 1587 pour
1023 1518 1136 1587 allongcr
1153 1517 1216 1571 celle
1235 1518 1298 1573 d'un

351 1615 441 1670 autre!
454 1615 509 1670 nh!
525 1629 577 1685 que
584 1613 677 1684 jamnis
690 1611 783 1667 Hecate
795 1627 830 1668 ne
840 1614 890 1668 me'
901 1617 1028 1682 permette
1041 1627 1094 1667 une
1108 1611 1168 1667 telle
1177 1611 1296 1683 impiete!

351 1707 439 1773 lason,
456 1715 483 1764 ta
498 1709 584 1780 priore
603 1714 642 1763 est
655 1707 768 1777 injuste;
787 1705 855 1760 mais
871 1705 898 1776 je
908 1706 1017 1761 tenterai
1029 1706 1061 1760 de
1080 1713 1104 1763 te
1121 1720 1245 1777 procurer
1259 1721 1297 1761 un

352 1801 415 1857 bien
429 1801 572 1857 au-dessus
588 1802 622 1855 de
635 1815 666 1855 ce
679 1815 732 1869 que
743 1805 772 1854 tu
788 1798 940 1870 demandes.
956 1797 1102 1870 J'essayerai
1115 1799 1147 1854 de
1161 1800 1298 1871 prolonger

351 1895 393 1949 tes
403 1894 479 1964 jours
492 1895 524 1950 de
537 1910 600 1950 mon
613 1894 760 1964 beau-pere
772 1909 819 1965 par
832 1909 896 1947 mon
910 1899 960 1958 art,
974 1910 1033 1949 sans
1047 1895 1153 1962 abreger
1166 1892 1205 1949 les
1218 1894 1295 1960 tiens,

350 2003 455 2060 pourru
467 2004 519 2059 que
532 1991 558 2044 la
570 1988 648 2060 triple
660 1986 752 2044 llecato
765 2003 809 2042 me
827 1987 939 2043 seooude
951 1994 978 2043 et
995 1998 1118 2045 censente
1135 1991 1150 2042 d
1166 2002 1196 2043 oe
1215 1989 1296 2059 grand

351 2096 453 2137 oeuure.
470 2099 483 2131 ι

353 2216 356 2222 .
388 2173 459 2229 Trois
471 2174 542 2230 unite
555 2174 673 2229 dernient
688 2173 812 2230 s'ecoulcr
824 2189 918 2231 encore
933 2180 1009 2231 avant
1022 2191 1074 2245 que
1088 2176 1113 2231 ta
1122 2175 1191 2231 vlune
1201 2176 1297 2234 format

350 2285 392 2324 un
404 2268 487 2324 eercle
505 2268 608 2341 partait.
625 2267 645 2321 b
664 2269 742 2339 peine
757 2283 805 2323 son
822 2268 915 2341 disque
929 2268 998 2339 plein
1011 2269 1103 2324 s’est-il
1118 2272 1221 2325 mentre
1238 2273 1252 2326 'a
1271 2273 1295 2328 la

351 2372 497 2432 terreque
513 2361 670 2416 bedeesort
687 2362 720 2416 de
736 2377 785 2416 son
799 2361 890 2432 palais.
910 2360 943 2415 La
965 2362 1082 2417 ceinture
1099 2361 1226 2426 fluitante,
1244 2381 1296 2419 nu-

350 2455 425 2529 pieds
437 2459 463 2509 et
473 2455 511 2509 les
519 2454 633 2510 cheucux
643 2454 719 2525 epars
730 2470 776 2509 sur
783 2470 825 2509 ses
833 2454 938 2524 epaules
946 2469 1022 2517 nuos,
1037 2470 1071 2509 au
1085 2454 1176 2509 milicu
1189 2453 1224 2509 du
1236 2472 1294 2525 pro-

457 2621 510 2663 bum
522 2621 553 2663 sic
566 2620 691 2664 AEsonides:
705 2637 715 2659 ι
729 2622 791 2665 Ocui
804 2620 881 2663 debere
893 2618 985 2661 satutem

457 2690 569 2743 Confiteor,
583 2693 666 2747 conjux,
681 2704 802 2747 quanquam
814 2692 869 2735 mihi
882 2695 960 2734 cuncta
972 2689 1059 2741 dedisti,
1152 2689 1191 2734 tta

457 2759 591 2816 Excessitque
602 2761 665 2804 tidem
672 2764 799 2805 meritorum
811 2772 895 2804 summa
906 2759 1005 2813 tuorum

458 2831 478 2874 Si
490 2837 561 2875 tamen
572 2834 715 2889 hocpossunt
729 2834 789 2889 (quid
801 2834 860 2876 enirn
870 2845 914 2875 non
926 2834 1020 2876 carmina
1033 2833 1137 2890 pessintt)

457 2903 520 2945 Deme
531 2903 585 2945 meis
594 2904 664 2956 annis,
677 2910 699 2945 et
711 2903 809 2959 demptos
822 2903 878 2946 adde
889 2904 980 2958 parenti,
991 2920 1001 2942 ι

456 2972 499 3015 Nec
510 2974 581 3015 tenuit
591 2973 703 3030 lacrymam
719 2982 776 3018 mota
788 2980 822 3016 est
835 2974 913 3031 pietate
924 2976 1026 3029 rogantis,

456 3042 626 3099 dissimilemque
637 3046 733 3087 animum
746 3044 813 3087 subiit
824 3044 882 3088 AEeta
894 3044 991 3090 reticius.
1056 3051 1058 3055 '
1151 3045 1190 3091 170

456 3114 501 3156 Non
515 3120 586 3156 tamen
597 3114 688 3170 assertus
700 3116 752 3158 tutos
764 3114 876 3158 contessa:
893 3134 902 3155 ι
917 3116 984 3169 Quod,
997 3116 1075 3172 inquit,

456 3184 545 3236 Excidit,
561 3197 597 3227 ore
609 3191 652 3235 tuo,
667 3188 753 3239 conjux.
767 3186 851 3228 scetus?
861 3186 915 3242 Ergo
928 3198 966 3242 ogo
977 3188 1078 3242 cuiquam

455 3252 518 3295 Posse
529 3260 571 3296 tua
584 3255 659 3298 videar
670 3255 764 3308 spatium
777 3255 921 3299 transcribere
931 3256 995 3299 vitari

454 3323 499 3365 Non
511 3325 568 3367 sinat
580 3324 620 3367 hec
634 3326 723 3375 Hecatu;
739 3338 778 3368 noc
793 3332 816 3368 tu
830 3328 888 3381 petis
899 3338 972 3381 aequa3
989 3327 1026 3370 sed
1038 3328 1087 3379 isto,

453 3393 511 3441 Quod
522 3396 585 3449 petis,
595 3398 692 3449 experiar
706 3396 775 3450 majus
790 3395 841 3439 dare
851 3409 939 3448 munus
951 3398 1021 3441 lason.
1149 3397 1189 3444 tto

454 3465 502 3506 Arte
513 3477 560 3508 meu
574 3467 641 3509 soceri
651 3466 739 3522 longum
750 3466 881 3510 tentabimus
894 3479 972 3519 aevum,

453 3530 499 3573 Non
508 3534 570 3575 annis
580 3545 679 3577 revocare
693 3536 744 3587 tuis,
758 3536 822 3579 modo
834 3537 883 3580 diva
893 3536 997 3581 triformis

421 3647 423 3652 ,
453 3601 550 3656 AdJuvet,
562 3612 584 3647 ct
595 3616 689 3662 prmseus
700 3606 826 3662 ingentibus
837 3613 921 3651 annuat
931 3608 996 3653 ausis.
1011 3627 1020 3647 ι.

478 3690 530 3733 Tres
542 3692 632 3735 aberant
644 3700 726 3748 noctes,
739 3701 765 3738 ut
775 3707 857 3739 cornua
869 3702 912 3738 tota
924 3693 1016 3749 coirent,

451 3759 607 3818 Efficerentquc
618 3764 699 3809 orbem.
712 3765 826 3820 Postquam
837 3765 961 3822 plenissima
972 3766 1039 3821 fulsit,
1146 3770 1187 3815 180

452 3829 477 3871 Et
488 3830 553 3872 solido
563 3827 633 3875 'terras
645 3835 750 3888 spectarit
759 3836 855 3891 imagine
864 3835 923 3885 luna,

451 3900 564 3953 Egreditur
575 3904 648 3957 tectis,
660 3909 731 3947 vestes
741 3904 819 3949 induor
830 3905 944 3957 reuinctos,

451 3969 511 4013 Nuda
523 3972 607 4026 pedem,
623 3973 693 4018 nudes
704 3973 801 4017 humoris
810 3973 883 4020 intusa
895 3974 990 4031 capillum
