3384 4675
761 555 864 607 irritu
884 554 929 606 xi.
1279 553 1323 604 iii

369 675 397 728 et
409 673 523 728 cherche
536 671 647 728 i'ombre
656 671 670 726 a
679 670 803 726 i'endroit
814 669 850 726 od
864 671 914 726 elie
930 669 967 725 ini
979 657 1020 727 est
1032 686 1160 742 appa1ue;
1175 685 1219 726 car
1234 685 1275 726 sas
1286 685 1327 727 es·

373 765 467 832 claves,
487 782 546 822 avec
565 765 612 821 des
630 765 763 829 lumieres,
776 764 874 819 etaient
893 779 1017 819 accourns
1036 765 1050 818 a
1069 780 1112 820 ses
1126 762 1189 820 oris,
1205 763 1274 828 nais,
1292 779 1326 820 ne

371 865 487 932 pourant
502 860 527 914 la
543 865 657 922 trouver,
673 857 724 914 elie
739 857 864 914 menrtrit
879 873 926 913 son
938 857 1032 927 visage,
1045 858 1151 914 dechire
1163 873 1212 914 son
1227 857 1284 915 sein
1301 864 1328 914 et

370 951 412 1006 ies
427 951 509 1008 voiies
522 951 567 1023 qui
579 953 604 1006 ie
615 956 746 1018 enarrent,
762 950 870 1006 arrache
886 965 927 1005 ses
941 950 1054 1006 chereux
1069 967 1130 1007 sans
1147 951 1186 1007 les
1200 942 1323 1016 deuouer,

370 1051 398 1101 et
415 1046 542 1116 repond'a
557 1063 585 1102 sa
595 1046 725 1112 nourrice,
743 1046 788 1118 qui
801 1045 838 1100 lui
851 1045 980 1101 demando
993 1046 1018 1102 ie
1029 1046 1098 1118 sujet
1111 1047 1144 1102 de
1155 1062 1183 1102 sa
1197 1047 1324 1104 douteur:

373 1157 385 1190 a
399 1137 435 1193 i'u
444 1139 500 1194 n'as
514 1141 576 1211 pius
590 1138 740 1210 dilcyone;
755 1138 867 1210 Alcyone
882 1139 951 1196 n'est
962 1141 1037 1211 plus;
1055 1139 1105 1195 elie
1120 1146 1159 1195 est
1170 1147 1255 1195 morte
1266 1156 1325 1196 aroc

369 1246 418 1286 son
433 1233 497 1287 cher
510 1231 584 1303 Ceyx.
606 1231 641 1287 Ne
653 1231 678 1286 ia
691 1233 795 1287 console
805 1232 887 1303 point.
901 1233 945 1287 lia
962 1233 1018 1304 pe'ri
1029 1233 1094 1289 dans
1108 1249 1145 1289 un
1155 1232 1287 1303 naufrage.
1298 1232 1326 1287 te

370 1326 414 1382 l'ai
427 1343 478 1392 ru,
492 1326 520 1398 je
529 1325 572 1380 i'ai
583 1341 712 1390 reconna,
724 1333 759 1392 et,
773 1341 876 1381 comme
890 1325 909 1380 ii
920 1325 1070 1396 s'eloignait,
1081 1326 1109 1397 J'e
1117 1325 1155 1380 lui
1164 1326 1277 1381 aitendu
1288 1325 1326 1380 ies

370 1419 433 1474 bras
447 1435 515 1490 pour
526 1419 551 1474 le
561 1417 668 1474 retenir.
682 1417 710 1474 te
723 1418 775 1474 n'ai
785 1417 843 1474 saisi
855 1419 953 1490 qu'une
967 1419 1068 1483 ombre,
1079 1418 1145 1473 mais
1155 1417 1327 1474 c'dtaitiom-

370 1508 419 1565 bre
432 1510 513 1566 reeiie
527 1514 553 1565 et
567 1509 689 1565 veritable
704 1509 736 1563 de
751 1525 815 1564 mon
830 1509 924 1580 dpoux.
941 1508 1071 1564 Touteiois
1087 1524 1128 1565 ses
1145 1511 1218 1565 traits
1228 1509 1327 1567 etaient

370 1601 493 1673 changes,
516 1610 543 1659 et
565 1618 613 1658 son
635 1603 707 1657 iront
725 1618 758 1657 ne
775 1602 871 1658 briliait
889 1603 948 1674 pius
964 1602 1000 1658 du
1014 1602 1101 1657 meme
1118 1602 1195 1658 dciat.
1211 1601 1326 1659 iiaiheu-

369 1696 465 1752 reuset
476 1696 503 1768 je
518 1696 562 1750 i’ai
579 1712 615 1752 uu
625 1695 693 1766 pdie,
705 1711 752 1759 nu,
762 1697 789 1750 et
799 1694 836 1750 les
849 1690 963 1751 cheteux
976 1710 1070 1751 encore
1083 1694 1213 1750 humidos.
1222 1694 1291 1763 iioici
1301 1696 1326 1752 ia

370 1790 443 1862 piace
463 1790 497 1845 oti
516 1790 532 1845 ii
549 1790 611 1845 s'est
626 1788 729 1844 monice
742 1788 806 1844 dans
819 1788 843 1842 ie
859 1788 918 1859 plns
931 1789 1006 1843 triste
1024 1788 1075 1844 etat
1088 1787 1125 1860 (et
1136 1787 1185 1843 eiie
1195 1789 1326 1844 chercitait

363 1883 408 1938 ies
417 1888 499 1939 traces
513 1883 546 1939 de
559 1881 692 1956 i'oruhre).
704 1880 795 1938 G'etait
804 1882 872 1936 donc
887 1881 911 1936 id
922 1896 952 1937 ae
965 1895 1016 1952 que
1028 1895 1072 1936 rue
1083 1880 1258 1952 presageaient
1268 1896 1326 1937 mes

370 1974 492 2040 craintes,
505 1975 610 2045 lorsque
623 1975 650 2047 je
667 1979 694 2029 te
713 1972 841 2044 conjurais
856 1974 888 2030 de
905 1989 940 2030 ne
956 1989 1002 2046 pas
1016 1987 1059 2027 me
1072 1971 1125 2030 iuir
1139 1988 1208 2044 pour
1223 1971 1325 2029 t'aban-

369 2065 471 2120 donner
481 2066 529 2122 'aia
542 2067 624 2122 merci
640 2066 684 2121 des
697 2073 780 2122 vents.
801 2067 854 2124 in!
869 2067 981 2139 puisque
995 2074 1025 2122 tu
1039 2067 1122 2123 deruis
1137 2066 1215 2139 perir,
1230 2081 1281 2138 que
1293 2082 1326 2121 ne

368 2157 477 2213 mas-iu
488 2159 625 2215 emmenee
641 2174 701 2214 arec
715 2158 767 2214 toi?
779 2159 797 2213 ii
811 2159 895 2216 m'et'tt
910 2160 952 2216 dte'
964 2161 1043 2228 doux,
1062 2161 1115 2225 oui,
1132 2160 1192 2216 bien
1207 2159 1276 2214 doux
1294 2158 1326 2214 de

370 2254 397 2306 te
412 2251 514 2308 suiurei
530 2251 568 2306 iia
581 2252 621 2307 vie
635 2267 668 2307 ne
684 2267 712 2306 se
727 2251 806 2306 serait
820 2268 867 2323 pas
880 2268 918 2308 nn
930 2252 1028 2308 instant
1042 2253 1148 2308 ecouiee
1165 2252 1220 2307 loin
1235 2251 1267 2307 de
1280 2250 1324 2317 toi,

367 2346 427 2401 etia
438 2352 507 2402 mort
516 2347 605 2401 rueme
615 2346 688 2401 n'edt
696 2361 732 2417 pu
743 2361 810 2400 nous
819 2346 935 2401 ddsunir.
947 2347 1112 2412 iiaintenant,
1123 2363 1182 2402 sans
1190 2346 1325 2415 naufraga,

476 2465 573 2517 Excutit,
585 2471 607 2509 et
620 2466 692 2521 primo
704 2465 723 2508 si
736 2463 766 2508 sit
775 2464 926 2520 circumspicit
936 2465 989 2519 iiiic,

476 2537 521 2586 Qua
533 2536 598 2579 ruodo
611 2537 670 2579 visus
684 2542 741 2589 erat;
755 2548 805 2579 nam
817 2536 873 2578 moti
886 2548 938 2579 voce
949 2536 1043 2580 ministri

476 2606 600 2653 Intulerant
611 2606 695 2652 lumen.
709 2608 825 2662 Postquam
840 2618 883 2649 nou
896 2607 979 2649 invenit
991 2618 1090 2661 usquam,
1138 2598 1144 2610 ’
1178 2604 1220 2651 ott

476 2678 571 2721 Perculit
583 2690 619 2721 ora
633 2690 707 2730 manu,
720 2678 831 2733 laniatque
845 2689 857 2719 a
869 2684 956 2733 pectore
969 2682 1045 2729 vestes,

477 2749 610 2804 Pectoraque
622 2750 669 2805 ipsa
680 2748 741 2801 ierit;
757 2762 796 2791 nec
808 2748 889 2792 crinem
901 2747 985 2791 solvere
995 2753 1070 2801 curat;

476 2819 565 2871 Scindit,
578 2826 600 2863 et
612 2820 691 2873 altrici,
705 2833 754 2875 quae
766 2820 837 2863 luctus
850 2831 922 2873 causa,
937 2820 1037 2874 roganti:

478 2889 563 2931 ‹Nuiia
577 2895 610 2932 est
624 2889 736 2946 Halcyone,
751 2889 811 2932 nuiia
824 2894 865 2941 est,
880 2890 927 2933 ait:
942 2888 1021 2933 occidit
1032 2901 1075 2933 una

474 2960 528 3004 Cum
539 2961 605 3017 Ceyce
616 2973 663 3005 suo.
674 2960 769 3004 Solantia
782 2961 852 3004 toiiite
867 2960 938 3004 verba.
1176 2956 1217 3004 ast

475 3030 596 3085 Naufragus
610 3031 699 3074 interiit.
713 3031 768 3084 Vidi,
780 3032 911 3086 agnovique,
925 3043 1046 3087 manusque

474 3102 504 3144 rid
519 3102 667 3145 discedentem
679 3103 768 3157 cupiens
780 3102 874 3146 retinere
885 3102 975 3147 tetendi.

475 3172 553 3214 timbre
567 3172 618 3224 tuit,
633 3171 670 3215 sed
680 3178 702 3215 et
714 3171 790 3218 umbra
803 3179 875 3216 tamen
890 3173 1011 3223 manifesta,
1026 3174 1110 3230 virique

475 3241 528 3285 Vera
541 3242 591 3287 moi.
604 3242 650 3285 iton
661 3242 698 3285 iiie
710 3242 806 3298 quidem,
821 3244 839 3285 si
854 3244 941 3299 quaeris,
955 3243 1047 3287 habebat

476 3314 576 3356 issuetos
588 3313 671 3366 vuitus,
685 3325 724 3358 noc
735 3326 779 3368 quo
790 3315 853 3371 prius
865 3326 902 3357 ore
916 3314 1006 3358 nitebat.
1176 3313 1216 3358 690

476 3382 603 3435 Patientem,
615 3384 751 3438 nudumque,
765 3388 786 3426 ot
799 3383 871 3427 adhuc
882 3384 987 3427 humente
999 3383 1077 3439 capitio

477 3451 551 3494 iniciix
563 3452 614 3495 vidi.
625 3452 689 3495 Stetit
702 3452 742 3494 hoc
753 3452 883 3494 miserabilis
895 3454 942 3507 ipso

476 3522 529 3564 Ecce
544 3522 591 3565 ioco
605 3523 633 3578 (ot
643 3522 728 3577 quaerit,
744 3523 834 3577 uestigia
846 3524 864 3565 si
877 3534 918 3577 qun
932 3523 1056 3579 supersint).

476 3592 519 3635 iloc
531 3597 585 3643 erat,
598 3594 639 3636 hoc
651 3593 723 3634 aniruo
738 3593 795 3648 quod
805 3593 917 3636 divinante
929 3595 1042 3646 timentum

477 3662 501 3704 Et
510 3676 545 3714 ne,
559 3675 593 3706 me
605 3663 699 3718 fugiens,
711 3670 788 3706 ventos
800 3675 915 3718 sequerere
924 3664 1034 3719 rogabam.
1177 3663 1216 3707 otta

477 3736 503 3777 tt
513 3738 572 3777 certe
586 3734 671 3786 voiiam,
684 3736 788 3791 quoniam
801 3735 914 3789 periturus
927 3734 1007 3787 abibas,

476 3805 508 3848 ite
520 3817 606 3861 quoque
618 3805 725 3848 duxisses.
735 3806 793 3859 Fuit,
806 3806 845 3848 ahi
860 3805 902 3847 tuit
917 3806 970 3849 utile
983 3811 1054 3849 tecum

478 3876 511 3917 irc
524 3876 589 3925 miiti;
603 3887 674 3930 neque
686 3877 744 3918 enim
756 3876 783 3919 de
795 3877 845 3919 vitu
858 3881 954 3931 tempore
967 3877 1084 3934 quidquam

478 3944 523 3986 iton
537 3944 603 3988 simui
612 3946 713 4000 egissem,
724 3957 764 3989 nec
777 3956 836 3987 mors
850 3943 943 3987 discreta
959 3944 1044 3989 inisset.

1115 4013 1155 4065 25<
