3384 4675
719 549 821 602 altrat
842 550 885 602 111.
1185 545 1187 548 ’
1241 549 1286 600 551

330 670 431 726 demes
442 669 519 735 hras3
530 669 601 740 puis,
612 684 657 724 me
667 661 792 739 pouss'ant
802 667 834 723 de
844 684 872 724 33
885 667 957 723 main
968 667 1022 740 (333
1032 667 1059 739 je
1071 668 1129 723 dois
1143 673 1200 724 tout
1209 667 1285 740 dire),

331 765 350 820 il
364 780 408 820 me
421 769 546 819 retourne
564 763 754 834 brusquement
766 768 792 817 et
803 762 892 818 tombe
903 769 1068 833 pesamment
1083 779 1129 816 333
1145 778 1209 817 mon
1229 763 1284 819 3133.

332 857 401 912 1333
421 872 518 928 pouvez
539 857 610 911 m'en
628 857 728 921 croire;
742 855 770 927 je
783 871 817 910 33
832 855 944 910 313333133
959 855 1033 926 point
1054 855 1078 910 la
1098 855 1179 926 gleire
1194 872 1241 926 par
1254 838 1290 933 def

328 950 419 1007 raines
435 949 596 1021 impostores
616 969 620 1001 :
638 950 666 1020 je
679 965 723 1003 me
734 949 815 1004 sentis
829 963 933 1003 comme
949 947 1052 1003 aceable
1068 948 1103 1003 du
1120 948 1193 1019 poids
1208 949 1286 1002 d'une

330 1049 483 1114 montagne.
497 1042 527 1098 Je
540 1058 591 1114 pus
605 1041 1091 1114 3331333133333333313333133ηά33
1105 1042 1138 1097 tle
1155 1057 1244 1105 sueur,
1263 1046 1289 1093 rt

330 1151 377 1190 nae
391 1135 501 1190 delirrer
514 1134 547 1190 de
560 1150 603 1190 ses
619 1134 698 1195 rudes
711 1133 951 1200 embrassements;
969 1133 988 1187 il
999 1149 1042 1188 me
1056 1133 1163 1205 pressait
1177 1133 1209 1188 de
1223 1147 1291 1187 nou·

330 1243 405 1292 reau,
418 1244 461 1282 me
471 1227 575 1299 coupait
586 1227 611 1281 la
620 1226 783 1297 respiration,
798 1232 824 1280 et
836 1224 1022 1295 m'empechait
1033 1226 1065 1287 de
1079 1223 1221 1295 reprendre
1229 1238 1285 1278 mes

330 1320 426 1375 forces.
443 1319 520 1374 Enim
531 1320 551 1373 il
563 1335 607 1374 me
621 1319 694 1374 331311
710 1321 724 1374 3
735 1319 760 1373 13
773 1336 862 1390 gorge.
876 1318 925 1374 lles
937 1334 1039 1389 genoux
1056 1318 1193 1373 bechirent
1204 1332 1249 1370 333
1260 1318 1286 1372 13

330 1413 380 1479 331,
395 1420 422 1468 31
432 1413 460 1483 je
469 1412 608 1476 Ι3333311313
620 1412 763 1483 poussiere.
1237 1424 1243 1434 ·

343 1489 348 1492 ⁵
370 1523 382 1554 3
395 1503 494 1575 1133331
503 1504 528 1558 13
540 1504 644 1559 33331331
657 1504 752 1574 inegal,
766 1504 833 1575 J'eus
845 1520 951 1560 3333333
961 1505 975 1559 a
986 1505 1010 1558 la
1026 1519 1097 1558 ruse.
1108 1503 1177 1556 Pour
1187 1501 1275 1574 echap-
1289 1495 1291 1498 ’

331 1598 404 1670 pera
416 1611 479 1651 mon
493 1595 566 1660 31331,
575 1596 602 1668 je
611 1597 665 1668 pris
679 1595 704 1651 13
716 1597 876 1660 formed'un
886 1598 948 1666 long
962 1601 1074 1667 serpent.
1088 1595 1117 1651 le
1128 1594 1242 1650 deroulai
1253 1595 1285 1650 de

331 1689 477 1746 nombreux
487 1706 617 1755 3333333,
631 1695 658 1746 31
665 1689 764 1760 J'agitai
775 1707 812 1746 un
821 1690 917 1746 double
929 1690 993 1745 dard
1008 1704 1068 1744 3333
1081 1688 1235 1743 (1333313133
1244 1687 1286 1741 311-

330 1782 463 1838 ssements.
476 1780 511 1837 Le
521 1781 599 1836 heros
612 1781 644 1835 de
657 1780 780 1852 Tyrinthe
793 1776 934 1847 33331131,
947 1797 976 1836 33
988 1787 1113 1851 moquant
1126 1780 1159 1834 de
1174 1795 1230 1835 mes
1241 1795 1286 1836 ar-

330 1875 431 1930 tifices:
448 1874 583 1929 31313333
594 1873 640 1928 des
651 1878 779 1945 serpents,
795 1873 872 1938 dit-il,
885 1872 971 1928 13133
983 1873 1027 1945 jeu
1039 1873 1071 1928 de
1085 1889 1149 1929 mon
1163 1872 1283 1929 beroeau.

333 1986 346 2017 3
365 1965 404 2020 Tu
415 1967 576 2037 l'emportes,
592 1965 610 2018 il
626 1973 665 2020 est
685 1965 749 2028 rrai,
763 1965 901 2031 1313313313,
921 1982 967 2020 333
983 1967 1021 2021 133
1037 1972 1124 2021 autres
1143 1961 1283 2036 serpents3

333 2078 345 2110 3
363 2059 429 2113 mais
444 2059 566 2129 qu'es-tu
580 2060 641 2129 pres
654 2059 686 2113 de
700 2058 800 2128 l'lrydre
817 2059 850 2113 de
869 2059 971 2115 Lerne?
987 2059 1040 2116 Elle
1054 2047 1190 2115 3333133311
1200 2058 1233 2113 de
1244 2064 1291 2115 333

332 2171 344 2204 3
362 2153 492 2208 blessures
507 2152 639 2207 secundos.
649 2151 677 2206 13
692 2167 726 2205 33
736 2167 786 2222 pus
800 2152 899 2209 abattre
913 2169 965 2208 une
976 2153 1009 2208 de
1018 2169 1059 2208 ses
1070 2159 1129 2209 cent
1138 2154 1213 2216 tetes,
1225 2168 1285 2207 sans
1370 2147 1372 2151 ’

331 2266 343 2298 3
359 2245 384 2301 13
396 2246 449 2301 3313
457 2245 604 2315 remplacee
614 2261 660 2316 par
676 2245 1054 2318 3133333133331331333113133.
1072 2245 1189 2301 Herissee
1203 2247 1235 2301 de
1247 2245 1285 2299 31-

331 2360 343 2391 3
360 2340 435 2410 peres
449 2340 494 2411 qui
511 2355 540 2395 se
551 2337 735 2411 multipliaient
747 2355 810 2394 sous
821 2340 845 2394 le
859 2340 907 2406 ier,
928 2340 979 2404 3113
997 2337 1092 2410 pui'sait
1104 2339 1136 2393 de
1150 2336 1292 2405 nouvelles

413 2504 417 2510 ¹
435 2518 599 2573 impulsumque
611 2530 677 2560 manu
693 2520 785 2573 (eertum
798 2519 853 2561 mihi
864 2530 914 2562 3333
928 2517 999 2572 lateri)

435 2589 537 2631 Protinus
547 2589 633 2639 avertit,
647 2594 750 2644 tergoque
763 2601 867 2631 onerosus
880 2588 974 2631 inhesit.

435 2658 510 2714 Siqua
522 2658 582 2710 sides,
595 2670 665 2714 neque
679 2659 736 2702 enirn
748 2659 798 2701 11313
811 2659 865 2702 mibi
875 2658 945 2714 gloria
958 2670 1010 2700 3333
1149 2656 1175 2700 55

435 2730 550 2779 03331133,
563 2730 666 2785 imposito
680 2743 768 2784 pressus
781 2730 834 2773 mibi
847 2735 922 2772 monte
933 2726 1029 2781 videbar,

434 2800 472 2843 vix
484 2805 556 2842 tamen
568 2801 652 2842 exserui
666 2799 746 2843 sudore
760 2800 849 2843 liuentia
862 2799 931 2842 multo

435 2870 536 2924 Brachia,
550 2870 584 2913 313
596 2872 650 2913 33131
662 2872 727 2915 duros
738 2884 750 2913 a
765 2876 852 2927 pectore
864 2878 939 2916 333113.

435 2940 503 2982 133131
515 2939 635 2992 anhelanti,
649 2940 793 2995 prohibetque
805 2951 915 2981 resumere
927 2938 989 2991 vires,

435 3009 462 3053 Et
475 3010 558 3052 3333133
567 3022 614 3052 mea
626 3012 716 3065 potitur.
732 3010 787 3053 Tum
801 3009 897 3065 denique
911 3009 976 3052 131133
1145 3005 1172 3047 ott

434 3080 509 3123 Pressa
523 3092 580 3135 genu
593 3086 668 3123 nostro
680 3087 721 3133 est,
735 3087 759 3123 'et
773 3092 851 3123 arenas
866 3092 902 3123 ore
916 3077 1030 3123 momordi.

461 3169 552 3212 lnlerior
563 3170 652 3221 virtuto,
664 3182 722 3213 meas
734 3170 834 3213 devertor
846 3170 872 3213 ad
886 3175 950 3221 33133,

403 3248 406 3256 ·
435 3238 556 3294 Elaborque
568 3239 622 3293 viro,
635 3241 725 3295 longum
737 3240 845 3284 formatus
856 3240 879 3281 in
893 3251 997 3295 anguem.

435 3311 475 3360 Qui
488 3317 602 3365 postquam
614 3310 678 3353 113333
692 3311 777 3353 sinuavi
791 3322 869 3366 eorpus
881 3311 903 3352 in
915 3309 986 3361 331333,

435 3381 534 3435 Cumque
545 3380 591 3424 lero
604 3381 661 3423 movi
675 3381 771 3436 linguam
786 3381 879 3425 stridore
891 3381 1003 3433 bisulcum,
1149 3380 1176 3422 oli

434 3450 496 3503 Risit,
509 3455 531 3493 et
544 3450 640 3493 illudens
652 3455 737 3493 nostras
749 3450 876 3508 Tirynthius
888 3455 963 3493 artes:

438 3520 571 3563 «Cunarum
582 3520 644 3563 labor
655 3527 688 3562 est
701 3532 780 3577 angues
794 3533 896 3576 superare
911 3532 1016 3575 mearum,

437 3608 446 3629 3
459 3591 522 3640 Dixit,
536 3596 564 3642 et,
579 3597 604 3634 ut
618 3591 692 3633 313333
703 3591 764 3643 alios,
777 3592 876 3643 Acheloo,
889 3591 1001 3644 dracones,

437 3677 446 3699 3
458 3661 511 3704 Pars
520 3668 587 3716 quota
598 3662 682 3705 lernaeae
692 3674 782 3717 serpens
791 3664 834 3706 eris
847 3674 906 3705 uuus
917 3661 1031 3706 Echidnae?

436 3748 447 3771 «
459 3731 588 3775 Vulneribus
602 3731 694 3776 secunda
706 3734 752 3776 suis
762 3739 808 3775 erat
818 3732 864 3786 illa,
877 3745 916 3775 333
929 3732 1000 3776 ullum
1151 3731 1177 3772 11)

437 3819 447 3842 3
460 3804 488 3846 lle
502 3809 590 3846 centum
603 3816 694 3847 numero
705 3809 769 3861 eaput
781 3811 814 3847 est
825 3805 915 3860 impune
926 3804 1027 3859 recisum,

437 3875 513 3925 30313
526 3877 612 3929 gemino
626 3876 697 3919 333313
711 3874 795 3919 haerede
807 3874 910 3919 valentior
925 3881 990 3922 33331.

435 3959 447 3982 3
459 3944 517 3986 uano
526 3956 565 3999 ego
577 3956 685 3991 ramosam
697 3947 778 3992 natiso
790 3946 851 3995 333313
862 3947 972 4007 colubris,
