3384 4675
414 561 461 610 ³56
500 582 503 588 ·
739 548 1040 609 uiruuunrdosus

414 678 590 732 brassements
604 675 722 740 reiteres,
733 681 759 728 et
771 674 785 727 'a
797 689 840 727 ces
853 673 951 728 baisers
968 674 1022 744 qui,
1036 680 1065 728 tu
1078 672 1124 728 l'as
1138 675 1278 745 remarque
1290 681 1371 747 peut-

413 771 478 834 dtre,
491 767 617 822 n'eteient
626 764 700 838 point
714 764 793 821 dune
802 781 884 820 soeur.
897 765 1052 836 dependant,
1068 766 1165 836 mulgre
1176 767 1200 820 le
1210 767 1372 838 profondeur

415 860 447 915 de
455 876 497 914 ma
506 859 633 923 blessure,
648 859 748 927 melgre
761 873 822 912 mon
832 858 940 912 brdient
949 857 1039 921 delire,
1053 857 1097 927 j‘ei
1107 864 1163 914 tout
1178 859 1224 914 fau
1235 859 1283 931 (les
1292 858 1372 914 dieux

415 968 448 1007 en
463 958 521 1006 sont
537 940 660 1021 remeius)
675 967 741 1021 pour
752 949 856 1004 revenir
869 952 884 1005 'a
895 950 921 1004 la
931 950 1029 1004 raison.
1041 949 1217 1006 biaiireureuse
1226 951 1232 1005 1
1242 950 1288 1021 j'ai
1301 967 1371 1006 cem·

414 1041 488 1098 bedu
502 1043 650 1112 iongtemps
659 1058 725 1112 pour
737 1042 864 1112 debapper
877 1059 927 1097 eux
937 1041 1010 1096 fraifs
1022 1042 1190 1098 irresistibles
1203 1043 1236 1098 de
1249 1042 1369 1098 l'amour.

414 1133 460 1189 l'ai
473 1141 583 1190 seutenu
599 1150 659 1188 avec
672 1150 782 1204 eourage
797 1152 850 1189 une
867 1136 932 1190 lude
948 1134 1088 1189 eru—dessus
1106 1136 1138 1190 de
1150 1151 1213 1191 mon
1225 1151 1295 1191 sese.
1312 1133 1371 1190 Mais

411 1227 440 1298 je
452 1228 509 1283 dois
523 1228 655 1282 m'avouer
666 1228 783 1290 rainone,
803 1235 829 1281 ef
843 1229 969 1298 implerer
985 1234 1030 1282 ton
1045 1244 1149 1283 secours
1160 1228 1251 1300 parde
1264 1227 1370 1283 fimides

414 1336 502 1376 roeux.
519 1319 579 1374 Seul
597 1324 626 1373 fu
642 1334 711 1389 peux
730 1319 833 1388 perdre‚
854 1320 910 1374 seui
931 1326 960 1374 fu
977 1336 1045 1390 peux
1064 1337 1156 1377 sauver
1174 1337 1229 1376 une
1248 1326 1368 1378 eruente:

415 1413 521 1470 choisis.
540 1412 573 1468 Ge
590 1413 657 1467 n'esf
676 1412 750 1482 point
768 1428 821 1465 une
840 1412 961 1467 ennemie
979 1413 1024 1482 qui
1043 1411 1096 1467 t'en
1110 1412 1225 1485 conjure,
1241 1413 1305 1468 c'est
1318 1430 1371 1469 une

414 1505 511 1560 femme
525 1505 570 1576 qui
589 1503 647 1575 deji
664 1504 725 1559 t'est
740 1504 803 1558 unie
824 1492 871 1575 pur
890 1504 927 1558 les
944 1505 1011 1558 liens
1030 1504 1067 1558 les
1081 1505 1139 1574 pius
1157 1503 1257 1570 efroitS,
1283 1506 1370 1576 etqui

415 1599 527 1672 espirei
543 1613 594 1652 une
605 1595 687 1651 union
701 1597 759 1667 plus
773 1597 874 1651 infime.
891 1597 1008 1651 Laissons
1017 1597 1040 1650 ln
1051 1597 1150 1651 morale
1160 1595 1368 1662 auxrieillerds3

416 1689 495 1759 qu'ils
510 1690 652 1744 eberuhenf
664 1705 692 1743 ee
704 1689 799 1760 qu'elle
808 1695 921 1759 permen
933 1705 962 1743 ee
976 1689 1072 1759 qu'eife
1088 1689 1200 1744 autorise
1214 1705 1250 1743 ou
1264 1689 1368 1754 defend,

415 1787 441 1837 et
454 1782 532 1852 qu'ils
542 1798 575 1836 en
586 1782 723 1836 observent
734 1788 819 1837 toutes
832 1783 870 1837 les
884 1782 941 1837 lois.
956 1782 1032 1837 Notre
1046 1784 1092 1852 ege
1106 1787 1170 1852 peuf
1183 1780 1370 1837 s’abandonner

415 1873 555 1928 librement
574 1875 589 1926 ir
611 1873 730 1932 l'amour.
749 1873 817 1927 Nous
839 1875 963 1943 ignorons
983 1890 1012 1928 ee
1032 1875 1078 1943 qui
1098 1873 1280 1943 eulogium,
1301 1873 1370 1937 end

415 1964 551 2034 l'exemple
560 1964 606 2018 des
622 1963 709 2028 dieux,
723 1981 790 2020 nous
804 1982 914 2037 eropons
924 1983 975 2036 que
989 1971 1045 2020 fout
1058 1972 1097 2020 est
1110 1966 1217 2037 permis.
1234 1964 1303 2019 b'ous
1314 1965 1370 2018 n'a-

415 2071 480 2123 vens
500 2056 595 2109 dnous
614 2055 744 2124 inquieter
759 2057 787 2111 ni
805 2058 836 2112 de
850 2058 875 2112 la
890 2058 998 2112 severife
1015 2057 1076 2112 d'uu
1092 2058 1164 2127 pere,
1177 2055 1205 2110 ni
1215 2056 1252 2110 du
1264 2057 1322 2110 sein
1338 2057 1370 2110 de

415 2155 490 2203 notre
504 2149 635 2212 honneur,
655 2153 681 2202 et
699 2150 769 2217 nulle
782 2150 880 2205 erainfe
895 2167 928 2205 ne
944 2151 1041 2204 saurait
1055 2166 1122 2204 nous
1139 2150 1259 2214 arrefer3
1273 2148 1292 2202 il
1306 2164 1370 2203 nous

415 2241 489 2296 suffit
498 2241 531 2317 de
541 2241 659 2312 prevenir
671 2243 709 2296 les
718 2223 854 2314 souppons]
867 2243 930 2298 Sous
940 2243 963 2297 le
972 2244 1042 2298 roile‘
1050 2243 1082 2298 de
1091 2241 1200 2296 l'amifie
1209 2241 1367 2305 fraternede,

415 2350 481 2389 neus
492 2335 632 2390 eueherens
645 2351 693 2390 nos
710 2334 779 2391 doux
794 2334 899 2391 lareins.
913 2335 941 2391 le
954 2335 1013 2407 puis
1025 2340 1052 2390 te
1063 2335 1190 2405 perferen
1202 2340 1296 2400 secret,
1312 2340 1338 2389 et
1351 2332 1368 2387 il

520 2525 545 2567 Et
556 2524 627 2567 crebri
640 2526 758 2581 ampiexus,
772 2534 793 2568 et
805 2539 860 2583 quae,
876 2526 894 2568 si
907 2526 962 2569 forie
974 2527 1061 2577 notasti,

519 2596 595 2639 Oscula
608 2596 685 2638 sentiri
700 2607 743 2637 nen
756 2606 803 2637 esse
818 2597 900 2638 sororia
916 2602 1011 2651 possent.

520 2667 567 2722 ipsa
581 2672 661 2718 tamen,
674 2666 772 2720 quamvis
785 2667 857 2708 animo
870 2678 935 2720 greve
949 2666 1029 2708 vulnus
1042 2666 1154 2719 habebam,
1224 2658 1264 2703 5ίο

519 2737 620 2785 Quamvis
630 2736 690 2779 intus
701 2741 748 2778 erat
761 2735 824 2778 furor
836 2737 921 2790 igneus,
937 2737 1010 2778 omniu
1025 2736 1076 2789 feei,

519 2806 574 2850 Sunt
583 2807 636 2848 mihi
648 2806 669 2848 di
683 2811 756 2857 testes,
772 2812 796 2848 ut
810 2807 897 2849 tandem
910 2808 982 2850 sanior
994 2820 1069 2851 essem.

519 2876 658 2932 Pugnavique
671 2877 709 2919 diu
720 2877 817 2920 violenta
830 2876 942 2932 Cupidinis
955 2890 1014 2921 arura

521 2946 621 3001 Effugere
635 2945 715 2997 infelix,
730 2952 752 2988 et
763 2948 820 3001 pius,
833 2958 899 3001 quum
913 2946 957 2990 fere
970 2947 1065 3001 puellum

521 3016 584 3059 Posse
598 3021 668 3069 putes,
683 3028 722 3070 ego
734 3016 789 3058 dura
801 3018 850 3059 tuli.
863 3017 967 3073 Superata
980 3016 1042 3059 fateri

520 3086 595 3141 Cogor,
608 3098 713 3140 opemque
725 3093 784 3129 tuem
798 3089 882 3131 umidis
895 3100 1009 3143 exposcere
1024 3088 1088 3131 votis.

520 3158 551 3200 Tu
563 3169 647 3199 servare
660 3163 728 3212 potes,
742 3164 766 3200 tu
779 3159 869 3213 perdere
883 3159 941 3202 solus
957 3166 1074 3203 unientem.

521 3226 588 3280 Elige,
601 3233 676 3268 uuum
690 3228 763 3270 facies.
778 3229 824 3271 Non
837 3230 878 3271 froc
890 3229 978 3271 inimica
988 3236 1099 3285 precetur,

520 3294 559 3337 Sed
571 3307 626 3347 quae,
641 3305 710 3350 quum
723 3298 762 3339 tibi
774 3300 803 3340 sit
816 3299 965 3351 Junuissima,
973 3299 1071 3352 junctior
1083 3307 1130 3340 esse

521 3364 612 3419 Expedit,
626 3372 647 3407 et
659 3368 729 3411 vinclo
742 3375 814 3411 tecum
826 3369 926 3423 propiore
940 3370 1011 3425 ligari.
1083 3399 1091 3407 .

520 3437 571 3479 lura
584 3450 647 3479 senes
659 3439 741 3491 norint,
755 3446 777 3481 et
790 3440 842 3494 quid
857 3441 971 3494 liceatque,
984 3441 1096 3494 nefasque,

521 3506 602 3561 Fasque
614 3509 650 3559 sit,
663 3507 783 3563 inquirant,
799 3511 914 3566 legumque
926 3512 1023 3553 examina
1039 3515 1137 3563 serveuf;

520 3578 654 3620 Conveniens
665 3579 737 3621 Venus
749 3587 782 3622 esf
793 3580 858 3623 annis
872 3582 985 3624 temeraria
998 3583 1083 3623 nostris.

522 3646 575 3695 Ouid
590 3647 660 3696 liceat,
673 3651 783 3691 nescimus
795 3650 873 3702 odiruc,
887 3658 908 3693 ef
920 3659 998 3694 eunefu
1012 3652 1078 3693 licere
1115 3677 1120 3685 -

521 3716 642 3767 Credimus,
655 3723 676 3759 ef
690 3721 801 3773 sequimur
816 3734 943 3776 magnorum
956 3724 1052 3777 erempiu
1065 3722 1162 3765 deorum.

522 3785 564 3828 Nee
576 3798 615 3827 nos
627 3793 664 3827 uuf
676 3787 745 3831 durus
759 3797 826 3844 poter,
840 3798 878 3833 eut
892 3794 1014 3835 reverentia
1030 3793 1098 3845 farne,

523 3857 562 3900 dut
574 3857 637 3900 timor
652 3858 782 3913 impedient;
798 3867 882 3903 fantum
897 3862 951 3904 obsit
963 3875 1027 3905 ceusu
1041 3862 1139 3905 timendi.

513 3927 587 3975 Dulcia
600 3929 700 3975 fraterno
711 3931 753 3976 sub
765 3932 856 3976 nomino
867 3932 928 3975 furui
939 3938 1048 3986 regemus.
