3384 4675
419 565 450 614 66
734 555 1043 618 6666666666666.

417 695 467 735 666
481 696 543 736 nom
561 685 587 735 et
606 681 630 735 le
649 679 728 735 motii
742 680 775 735 de
793 695 821 734 sa
838 681 971 750 presence.
993 681 1025 735 Le
1043 680 1163 752 petit-fils
1177 680 1271 736 d'Atlas
1290 686 1315 737 61
1334 682 1367 737 de

419 770 521 829 Pleione
535 774 572 828 lui
585 773 721 845 repondit:
737 772 790 827 616·
800 774 854 828 6616
867 773 891 829 16
905 773 965 829 dieu
977 775 1022 846 qui
1037 781 1111 845 porte
1125 776 1139 828 'a
1154 780 1252 829 1666666
1266 774 1303 829 les
1316 777 1367 831 6166

418 867 456 921 les
471 867 560 921 ordros
576 867 609 921 de
619 883 682 922 mou
692 868 769 938 6666;
785 873 811 922 61
824 882 888 922 mon
903 869 974 939 pere,
994 869 1059 923 c'est
1068 866 1326 939 1661166161-616666.
1339 868 1367 924 16

418 975 452 1014 ne
464 958 622 1029 t'alleguerai
636 959 712 1031 point
727 958 760 1014 de
774 959 846 1015 66166
859 960 996 1031 66616666.
1012 959 1171 1024 8661666661,
1191 959 1242 1015 6616
1261 961 1337 1016 fidele
1351 963 1366 1018 6

365 1053 368 1075 ¹
418 1059 444 1108 ta
455 1067 537 1117 soenr,
554 1058 582 1108 61
595 1069 704 1108 6666666
717 1054 732 1107 i
744 1052 800 1107 6616
813 1053 859 1108 des
870 1069 971 1109 neveux
983 1052 1046 1108 dans
1058 1069 1114 1108 ures
1127 1055 1239 1109 6616616.
1252 1052 1280 1109 16
1295 1055 1367 1110 61666

418 1162 485 1218 6666
497 1146 585 1203 Herse.
598 1146 627 1202 16
641 1144 694 1203 t'en
707 1145 816 1217 supplic,
829 1145 939 1202 16666166
950 1162 993 1201 ma
1008 1147 1124 1202 1166666.
1141 1169 1151 1199 o
1168 1147 1276 1217 Aglauro
1290 1149 1314 1202 le
1325 1165 1368 1204 66-

417 1240 495 1311 gude
507 1255 568 1296 6666
582 1257 624 1296 ces
636 1239 736 1294 memes
753 1255 821 1310 6666
833 1239 879 1311 qui
890 1241 1006 1310 unguere
1021 1240 1186 1310 penetrerent
1201 1241 1227 1294 le
1240 1247 1324 1297 secret
1334 1243 1367 1296 de

334 1341 338 1352 ’
418 1332 537 1391 11166666.
553 1334 609 1401 Ε116
621 1334 751 1389 demande
761 1351 828 1406 pour
841 1350 871 1389 66
882 1334 978 1390 service
993 1349 1046 1388 666
1062 1349 1163 1390 somme
1180 1335 1365 1405 considerable,

418 1433 446 1484 et
458 1444 550 1500 presse
563 1431 588 1485 le
601 1429 662 1485 dieu
676 1430 707 1485 de
720 1429 798 1486 sortir
814 1429 850 1484 du
870 1430 958 1501 palais.
976 1429 1010 1485 La
1025 1430 1116 1486 de'esse
1129 1430 1162 1486 (16
1179 1431 1204 1486 16
1219 1447 1312 1502 guerre
1330 1435 1367 1490 lui
1390 1442 1392 1446 '

419 1516 491 1578 lance
505 1539 543 1578 un
554 1524 800 1593 regardmeuapant.
811 1522 858 1579 Les
872 1523 994 1594 profonds
1010 1523 1112 1595 soupirs
1123 1524 1169 1595 qui
1179 1524 1323 1582 s'erhalent
1335 1527 1367 1582 de

384 1665 387 1668 ⁴
411 1607 468 1672 ¹son
486 1632 561 1672 66666
573 1617 630 1672 1661
647 1617 782 1672 tressaillir
795 1632 824 1672 sa
837 1616 903 1672 forte
917 1615 1029 1688 66116166
1047 1621 1073 1671 61
1090 1604 1182 1687 l'egide
1195 1619 1241 1688 qui
1260 1620 1283 1674 16
1301 1637 1367 1693 666-

419 1708 486 1778 tege.
502 1709 557 1764 lllle
574 1725 603 1764 66
623 1710 741 1764 66661661
756 1700 910 1781 qu'Aglaure
926 1710 1005 1765 d'nue
1020 1709 1091 1764 main
1104 1710 1212 1781 profane
1227 1710 1325 1767 (1666116
1343 1713 1375 1772 le

419 1802 541 1870 61661666,
553 1804 667 1872 lorsque,
681 1802 804 1856 66616616
816 1801 852 1856 161
859 1801 942 1872 jurio,
957 1802 1007 1857 elle
1017 1808 1090 1872 porta
1102 1803 1139 1857 les
1151 1819 1217 1873 yeux
1228 1819 1273 1857 sur
1286 1803 1311 1858 le
1325 1804 1367 1859 1116

418 1893 532 1949 11611166
550 1894 582 1948 de
598 1893 710 1948 Lemnos
731 1894 776 1965 qul
802 1891 889 1948 ’666611
908 1895 941 1948 (16
957 1895 1042 1949 naitre
1060 1910 1121 1949 sans
1137 1896 1219 1949 mere.
1239 1893 1292 1950 Ε116
1310 1902 1370 1952 6661

386 2022 390 2027 ·
419 1986 572 2058 qu'tglaurc
589 2003 618 2041 66
633 2003 729 2058 gagner
748 1987 773 2041 la
788 1987 877 2041 166666
898 1987 933 2042 du
952 1987 1014 2042 dieu
1029 1992 1056 2042 et
1072 1987 1105 2042 de
1121 2003 1150 2043 sa
1164 2003 1245 2054 soeur,
1261 1995 1318 2046 tout
1334 2006 1367 2046 en

419 2081 610 2137 s'enrichissant
621 2096 669 2153 par
679 2081 728 2136 l’or
741 2080 861 2153 qu'exige
872 2097 900 2136 66
913 2082 1035 2153 66616116.

454 2174 569 2230 16661161
578 2175 628 2230 6116
639 2189 668 2229 66
677 2174 760 2244 dirige
769 2189 829 2230 vers
838 2173 864 2228 16
876 2173 955 2244 661616
969 2174 1001 2228 de
1014 2172 1111 2229 l'Envie
1121 2174 1214 2230 6661116
1228 2175 1291 2231 d'un
1304 2192 1370 2248 sang

420 2266 488 2321 noir.
502 2266 534 2321 Sa
543 2267 666 2322 domeure
676 2282 704 2321 66
716 2266 794 2321 cache
802 2282 837 2321 au
846 2266 907 2321 lond
920 2266 997 2321 d'une
1006 2266 1085 2322 661166
1095 2267 1224 2323 16666666
1238 2269 1273 2323 (16
1284 2269 1369 2339 soleii,

419 2360 586 2418 inaccessible
598 2361 614 2414 6
626 2367 684 2415 1666
696 2360 735 2414 166
748 2366 831 2426 rents,
844 2357 1023 2431 triste‚'glaeee
1037 2351 1107 2416 d'un‘
1115 2362 1183 2417 froid
1193 2362 1368 2435 lethargique,

524 2482 773 2525 1116666666661666166.
787 2481 826 2525 Cui
838 2480 869 2523 616
881 2480 996 2537 respondit
1009 2480 1099 2523 Atlantis

525 2554 665 2608 Pleionesque
678 2565 763 2609 genus:
777 2569 787 2591 a
799 2553 843 2608 Ego
857 2565 913 2602 sum,
924 2552 961 2606 qni
974 2551 1035 2606 jussa
1049 2564 1087 2606 per
1098 2562 1162 2595 auras

525 2624 593 2669 Verba
607 2625 675 2680 patris
685 2629 755 2680 porto.
768 2624 830 2667 Pater
843 2628 877 2666 est
888 2623 942 2665 mihi
955 2623 1042 2677 Jupiter
1053 2622 1106 2677 ipse.

525 2696 568 2739 1166
579 2695 657 2751 fingam
670 2682 762 2739 causas:
777 2700 800 2738 16
812 2699 899 2738 tantum
911 2692 951 2736 1616
964 2694 1031 2736 666661
1222 2690 1262 2737 'itt

525 2766 576 2810 Esse
587 2766 648 2818 66116,
659 2766 769 2821 prolisque
782 2777 835 2808 mee
850 2768 966 2807 matertera
978 2764 1028 2806 dici.

526 2836 592 2879 llerse
606 2848 669 2879 66666
682 2836 729 2879 6166,
741 2834 826 2887 Faveas,
838 2846 934 2885 oramus,
949 2834 1057 2877 amanti.»

526 2908 607 2961 Aspicit
618 2907 677 2950 hunc
687 2907 756 2949 oculis
767 2907 843 2957 isdem,
857 2905 936 2960 quibus
947 2904 1021 2948 abdita
1031 2916 1100 2959 nuper

527 2976 613 3019 Viderat
625 2976 728 3031 Aglauros
740 2976 800 3019 flavae
811 2981 891 3018 secreta
906 2975 1016 3025 1116666666

526 3047 610 3101 Proque
623 3046 744 3088 ministerio
755 3044 828 3099 magni
840 3044 882 3087 sibi
895 3043 995 3099 ponderis
1007 3056 1084 3087 aurum
1224 3041 1265 3085 tet

527 3115 629 3158 Postulat.
642 3115 723 3157 interea
737 3115 799 3157 tectis
811 3113 913 3157 excedere
926 3115 989 3167 cogit.

532 3185 599 3227 Vertit
609 3183 636 3226 ad
649 3184 705 3226 haue
719 3183 775 3227 torvi
787 3185 826 3226 dea
839 3182 916 3225 heilica
927 3182 1016 3225 luminis
1027 3182 1110 3235 orbem,

528 3254 554 3297 Et
565 3260 626 3296 tanto
638 3254 724 3308 penitus
735 3255 798 3295 traxit
810 3253 903 3308 suspiria
915 3257 984 3304 motu,

528 3324 648 3379 1116661166
661 3330 744 3380 pectus,
759 3326 894 3380 positamque
906 3325 928 3365 in
942 3329 1030 3379 pectore
1041 3322 1092 3365 16611
1193 3370 1194 3374 ¹

528 3394 602 3451 AEgida
613 3401 742 3439 concuteret.
756 3395 818 3439 Subit
831 3396 887 3438 hanc
899 3406 975 3438 arcana
987 3394 1074 3450 6661666
1230 3392 1270 3435 7115

528 3466 635 3509 detexisse
648 3479 722 3519 manu,
737 3472 783 3510 tum
796 3478 865 3522 quum
879 3465 926 3509 sine
935 3470 1004 3508 matre
1016 3469 1109 3507 creatam

529 3535 654 3578 1666616616
662 3537 754 3592 stirpem
768 3543 841 3579 contra
856 3536 905 3579 datu
916 3535 995 3579 foedera
1006 3536 1073 3586 uidit;

529 3607 554 3651 Et
564 3610 690 3661 gratamque
702 3606 741 3648 deo
752 3608 798 3651 1666
808 3608 853 3661 jam
865 3612 990 3663 6661666666
1004 3607 1080 3658 666661,

529 3676 555 3719 Et
563 3676 632 3719 ditem
645 3682 739 3733 sumpto,
751 3678 809 3734 quod
821 3690 884 3721 66666
896 3678 1024 3733 poposcerit,
1037 3688 1098 3719 6666.

557 3764 656 3808 Protinus
667 3765 762 3815 invidiae,
773 3768 836 3822 nigro
850 3766 971 3822 squalentia
984 3765 1042 3819 talto,

529 3837 592 3880 'lecta
606 3838 667 3892 petit.
679 3837 757 3879 1166666
768 3843 802 3880 661
810 3839 860 3880 imis
871 3839 894 3880 in
908 3836 1001 3879 vallibus
1013 3837 1069 3879 antri

480 3938 483 3941 ι
531 3908 613 3962 Abdita,
626 3910 670 3951 sole
682 3922 764 3961 666666,
777 3922 819 3951 666
832 3909 871 3951 6111
886 3909 958 3965 pervia
970 3914 1041 3958 66616,
1096 3947 1101 3956 ,

530 3978 613 4032 Tristis,
626 3984 649 4022 et
662 3979 732 4034 ignaui
747 3978 979 4035 616616616616166616,
994 3983 1074 4033 611666
