3384 4675
703 559 705 563 ⁴
767 556 868 608 urae
886 558 939 608 XV.
1048 591 1054 606 .
1278 561 1321 610 591

375 671 410 728 de
427 675 476 730 tels
487 674 612 744 vprodiges
636 689 704 730 nous
720 681 898 746 surprennent
915 691 964 746 par
986 675 1046 733 leur
1070 677 1224 743 noureaute,
1247 678 1266 733 il
1286 682 1326 733 est

376 780 469 820 encore
481 767 540 838 pius
555 766 681 822 eiounant
702 767 734 821 de
754 766 810 820 roir
827 767 930 838 l'hpene
948 768 1062 837 changer
1076 767 1108 822 de
1125 774 1190 824 ‘sexe
1207 775 1266 825 tous
1281 769 1324 824 ies

374 871 432 921 ans,
446 863 474 911 et
485 856 598 911 l'animal
611 857 676 912 dent
684 857 721 912 les
730 862 803 911 venis
816 862 842 911 et
852 856 908 910 i'air
916 862 976 911 sont
986 856 1011 910 la
1024 856 1165 928 principale
1176 858 1325 914 nourriiure

368 947 487 1017 ¹prendre
500 948 526 1004 ia
534 950 641 1005 couleur
653 950 685 1006 de
696 957 756 1005 tous
770 950 808 1005 les
818 949 901 1020 objets
915 948 978 1020 qu'il
989 949 1092 1004 roncho.
1115 949 1204 1006 Linde
1218 950 1324 1006 annone

374 1040 461 1095 donna
472 1040 568 1111 ie'Ipnx
582 1043 688 1098 audien
705 1042 838 1098 couronne
852 1042 887 1096 de
901 1056 1030 1112 pampres.
1044 1040 1109 1098 Toni
1121 1056 1151 1096 ce
1166 1058 1218 1112 que
1234 1043 1325 1112 rejeiie

373 1147 403 1190 sa
417 1132 500 1193 ressie
518 1149 547 1188 se
564 1134 660 1199 dureii,
678 1136 776 1198 dit-en,
790 1142 817 1190 ei
831 1150 861 1190 se
877 1133 981 1206 petrifie
992 1150 1039 1204 par
1051 1134 1076 1188 ie
1091 1140 1193 1190 coniaet
1208 1135 1241 1190 de
1256 1135 1322 1200 l'air,

371 1223 439 1278 ainsi
446 1240 498 1295 que
508 1225 534 1280 le
545 1226 633 1289 eorail,
649 1227 703 1296 qui,
718 1242 780 1282 sous
793 1227 831 1282 les
844 1227 932 1306 eudes,
945 1226 1067 1282 etaitune
1077 1225 1285 1296 planiessenibie.

414 1334 426 1366 e
441 1316 474 1371 Le
488 1317 548 1389 jour
560 1317 659 1373 smirait
670 1323 697 1372 et
712 1318 737 1373 le
753 1319 827 1374 soleii
838 1317 984 1389 plongeraii
995 1317 1060 1372 dans
1074 1316 1111 1372 les
1124 1317 1184 1373 ssots
1197 1334 1239 1373 ses
1249 1334 1325 1374 cour-

368 1408 439 1464 siers
452 1409 590 1473 haletanis,
601 1416 676 1464 arant
686 1425 738 1480 que
747 1410 808 1481 j’aie
820 1410 927 1465 raoome
936 1414 1021 1464 iouies
1035 1409 1072 1465 les
1088 1409 1321 1481 metamorphoses

373 1497 439 1554 'foui
452 1506 492 1555 est
503 1501 604 1556 soumis
620 1502 635 1556 ir
650 1501 722 1555 mille
736 1500 909 1556 vicissitudes.
920 1501 987 1556 Nous
996 1517 1091 1573 repens
1103 1501 1149 1557 des
1158 1503 1260 1558 nations
1270 1505 1321 1558 s'e-

372 1590 443 1646 lever
457 1595 484 1644 et
498 1590 613 1646 d'autres
627 1591 741 1646 tomber.
763 1590 831 1646 iadis
842 1607 914 1647 assez
928 1592 1050 1662 opulente
1065 1599 1091 1648 ei
1106 1608 1175 1647 assez
1188 1593 1320 1663 guernere

371 1699 441 1755 pour
451 1683 592 1755 prodiguer
604 1700 653 1740 son
667 1699 731 1753 sang
748 1684 846 1741 durani
865 1685 908 1738 dix
922 1685 1027 1749 annees,
1037 1684 1119 1749 Troie,
1133 1687 1257 1741 terrassee
1273 1704 1320 1741 au-

369 1764 516 1846 jourd'iiui,
536 1775 631 1830 n'etale
649 1791 700 1844 oue
719 1775 866 1845 d'anriques
880 1776 1041 1832 decembres.
1068 1777 1087 1830 Α
1105 1778 1130 1831 la
1147 1778 1219 1848 place
1234 1780 1266 1833 de
1282 1795 1322 1834 ses

373 1868 509 1932 richesses,
520 1866 568 1922 elle
577 1873 681 1922 montre
694 1866 733 1920 les
747 1866 886 1921 tombeaux
895 1866 976 1922 deses
985 1870 1068 1922 aieux.
1084 1865 1184 1937 Sparte,
1197 1867 1321 1938 Mycenes,

373 1961 486 2016 Athenes
506 1965 533 2015 et
547 1959 655 2023 Thebes,
673 1960 765 2014 iurem
777 1949 929 2018 eelebres'et
941 1961 1108 2015 ssenssantes.
1129 1959 1184 2023 Que
1196 1964 1323 2018 reste-t-ii

372 2053 406 2107 de
418 2051 526 2124 Sparte?
539 2068 575 2106 un
587 2052 625 2106 sol
637 2052 790 2117 miserablm
803 2051 835 2106 de
850 2051 979 2122 Mycenes?
989 2067 1042 2108 une
1053 2050 1147 2115 ruine;
1162 2051 1194 2105 de
1204 2051 1323 2108 Thebes?

372 2160 427 2204 une
439 2145 547 2210 ombre;
563 2144 723 2200 d'iihenes?
736 2159 773 2198 un
786 2159 863 2200 nom..
877 2142 1030 2199 iiaiutenant
1045 2144 1084 2197 les
1099 2144 1199 2198 eniants
1214 2144 1246 2199 de
1259 2145 1324 2199 lier-

478 2354 500 2400 Si
512 2361 584 2399 tamen
596 2361 631 2399 esi
643 2354 722 2411 aliquid
735 2357 794 2399 mirre
806 2357 910 2400 novitatis
921 2356 944 2399 in
956 2356 1011 2409 istis,
1065 2345 1068 2350 ’

478 2427 588 2470 alternare
598 2428 662 2478 vices,
674 2432 696 2469 et
707 2439 756 2482 queo
768 2426 831 2469 modo
843 2428 923 2471 semion
936 2434 995 2483 tergo

477 2496 542 2541 Passa
554 2509 635 2539 marem
647 2500 687 2549 est,
696 2509 755 2540 nunc
764 2509 811 2540 esse
820 2510 902 2540 marem
914 2500 1019 2541 miremur
1030 2498 1134 2554 hymnam.
1178 2494 1218 2537 ere

476 2567 498 2609 ld
511 2579 604 2622 quoque,
614 2567 671 2622 quod
682 2567 754 2610 ventis
764 2568 844 2611 animal
859 2569 957 2611 nutritur
970 2572 992 2611 et
1004 2579 1063 2618 aura,

476 2637 579 2681 Protinus
591 2638 703 2680 assimulat
714 2643 773 2680 tactu
785 2650 934 2693 quoscumque
946 2639 1035 2685 colores.

475 2706 536 2750 Victa
547 2708 673 2750 racemifero
683 2708 755 2764 lyncas
766 2705 826 2749 dedic
836 2706 897 2750 India
912 2708 1000 2750 Baccho.

475 2777 590 2832 Equibns,
605 2783 630 2819 ut
641 2764 769 2828 memorant,
782 2776 887 2833 quidquid
900 2778 971 2820 vesica
983 2778 1074 2828 remisit,

475 2848 570 2889 Ver-nitur
580 2849 604 2890 in
613 2848 703 2902 lapides,
716 2853 738 2890 et
749 2849 849 2903 congelat
861 2861 910 2892 aere
923 2854 988 2891 tacto.
1179 2844 1218 2888 iiii

475 2918 510 2960 Sic
521 2923 543 2961 et
552 2920 666 2969 curalium,
678 2930 722 2973 quo
736 2920 830 2973 primum
842 2918 933 2973 contigit
943 2932 1007 2963 auras

474 2988 585 3043 Tempore,
598 2988 692 3031 durescit
703 3000 710 3031 ε
723 2989 795 3031 mollis
806 2989 848 3032 suit
858 2989 924 3032 herba
938 2989 979 3032 sub
990 2984 1064 3035 undis.

504 3093 513 3115 e
526 3078 612 3121 Deseret
623 3083 673 3119 ame
684 3076 737 3130 dies,
750 3082 772 3119 et
783 3078 807 3120 iu
818 3078 863 3121 aito
875 3076 967 3120 Phoebus
978 3076 1067 3120 anhelos

479 3147 570 3201 AEquore
582 3149 652 3202 tinget
663 3159 738 3201 equos,
750 3159 816 3201 quam
827 3158 949 3202 consequar
959 3148 1032 3189 omnia
1044 3147 1117 3198 dirus,
1193 3160 1196 3166 ·

477 3215 500 3257 in
515 3217 597 3271 speeies
612 3214 715 3259 {muslera
727 3228 801 3258 novas.
814 3216 849 3258 Sic
861 3222 958 3270 tempora
969 3217 1024 3266 verti
1174 3214 1217 3260 eru

476 3287 596 3336 Cernimus,
610 3292 676 3340 arque
687 3286 735 3327 ilias
743 3296 852 3327 assumere
863 3284 940 3327 robora
951 3290 1035 3339 gentes,

476 3356 592 3410 Concipere
604 3355 650 3396 hus.
661 3354 695 3397 Sic
706 3367 783 3409 magna
794 3354 836 3396 suit
850 3365 959 3407 censuque
972 3354 1073 3407 virisque,

477 3425 560 3479 Perque
571 3426 643 3466 decem
656 3426 725 3479 potuit
739 3430 823 3467 tantum
835 3423 887 3466 dare
899 3423 1011 3477 sanguinis
1022 3434 1097 3473 nunus,

478 3496 539 3538 Nunc
550 3495 641 3537 humiiis
651 3501 733 3536 veteres
744 3494 893 3535 tantummodo
908 3493 971 3547 Troja
984 3492 1073 3545 ruinas,

476 3565 502 3607 Et
514 3577 553 3619 pro
567 3564 648 3605 divitiis
660 3566 757 3606 tumulos
769 3564 866 3606 ostendii
877 3574 973 3615 avorum,
1173 3559 1217 3605 euti,

476 3634 536 3677 Clara
548 3623 591 3676 suit
601 3634 683 3687 Sparte,
695 3644 778 3686 magum
789 3634 877 3686 ripnere
888 3632 989 3687 Mycenen,

477 3706 518 3747 Nec
532 3716 574 3746 non
586 3702 696 3757 cecropiae,
710 3714 749 3744 nec
760 3714 803 3744 non
817 3701 944 3756 Amphionis
955 3713 1023 3744 orces.

476 3774 523 3817 Vile
535 3776 606 3819 solum
620 3774 695 3828 Sparte
706 3777 751 3823 est;
765 3772 815 3813 alin
828 3771 925 3813 cecidere
936 3772 1033 3825 Mycenae.

477 3842 628 3899 OEdipodioniae
641 3841 692 3897 quid
706 3847 764 3893 sunt,
779 3841 822 3884 nisi
833 3840 914 3893 sabula,
927 3840 1015 3883 Thebe?

368 3911 400 3957 “-.“
478 3913 530 3962 Quid
542 3913 665 3966 prooemio
676 3917 768 3960 restant,
781 3910 822 3953 nisi
834 3921 920 3959 nomen,
934 3907 1029 3954 Athene?
1171 3905 1211 3947 iiii
