3384 4675
413 567 460 618 oet
739 550 1048 612 uirtuouruosou

410 691 456 742 out
467 683 536 739 aime
545 683 615 738 leurs
624 696 719 736 soeurs.
735 678 844 734 Saturne
857 679 920 732 s'est
933 678 979 733 uni
992 680 1006 732 i
1021 693 1049 732 sa
1064 681 1172 748 parente
1183 677 1254 749 Opis,
1267 677 1370 734 l’Oeeen

412 778 426 831 'u
438 776 541 846 Tethys,
554 781 580 828 et
594 774 618 827 le
627 773 667 828 roi
684 772 729 826 des
743 771 817 825 oieux
831 769 954 824 iiunon·
972 769 1032 825 Mais
1044 770 1081 825 les
1099 769 1177 825 dieux
1193 777 1241 825 out
1252 770 1299 825 des
1311 771 1371 842 pri-

411 869 516 938 vileges
540 866 671 936 Pourquoi
692 880 830 934 comparer
852 864 867 917 'a
889 862 961 918 leurs
984 861 1083 917 destins
1106 861 1144 916 les
1166 862 1298 918 destinees
1317 865 1371 918 hu-

412 959 514 1013 maines
528 965 555 1013 et
568 957 726 1028 rapprooher
739 955 786 1010 des
798 955 895 1010 unions
911 957 932 1010 si
948 953 1099 1012 differentes
1111 954 1157 1011 des
1169 956 1281 1011 notrest
1294 955 1333 1012 Ou
1343 956 1370 1028 je

412 1050 532 1109 bannirai
545 1052 577 1106 de
588 1066 652 1105 mou
666 1065 740 1105 eoeur
751 1055 818 1104 cette
829 1049 936 1104 flamme
948 1048 1096 1120 illegitime,
1113 1065 1156 1116 ou,
1170 1047 1210 1104 s'il
1228 1050 1307 1104 m'est
1321 1051 1370 1105 im-

413 1143 527 1216 possible
546 1141 579 1205 de
593 1142 740 1206 l'eteindre,
754 1141 877 1212 puisse-je
890 1143 994 1196 mourir
1015 1148 1090 1196 avant
1108 1141 1192 1197 d'etre
1208 1140 1368 1198 erimiuelle!

413 1235 467 1300 Que
477 1236 502 1290 la
515 1235 602 1290 tombe
614 1234 740 1288 derieune
753 1249 816 1288 mon
828 1233 859 1288 lit
869 1233 982 1304 nuptial,
1002 1240 1029 1288 et
1045 1249 1096 1304 que
1110 1249 1174 1288 mon
1186 1235 1259 1290 frere
1274 1250 1370 1291 couvre

414 1329 447 1384 de
464 1327 562 1382 baisers
579 1342 643 1381 mon
653 1326 776 1382 oeroueil!
791 1326 870 1396 Aprbs
882 1330 948 1391 tout,
965 1325 983 1379 il
996 1325 1051 1380 saut
1062 1341 1130 1396 pour
1142 1331 1209 1381 (etto
1222 1325 1331 1396 ailiauoe
1346 1328 1371 1382 le

414 1435 541 1494 eoncours
562 1420 594 1475 de
609 1435 656 1474 nos
676 1435 771 1474 eoeurs.
790 1417 941 1489 Supposons
957 1417 1052 1489 qu'elle
1063 1433 1106 1473 me
1116 1417 1208 1488 plebe,
1222 1432 1258 1473 ue
1273 1417 1313 1472 lui
1325 1432 1371 1489 pa·

339 1569 341 1571 .
415 1497 589 1568 mitra-t-elle
604 1527 649 1582 pes
664 1527 706 1571 uu
712 1508 812 1564 crime?
821 1506 970 1580 Cepeudant
984 1509 1022 1563 les
1036 1509 1078 1564 fils
1091 1497 1177 1564 ultore
1189 1510 1296 1565 oserent
1308 1523 1372 1580 par-

416 1612 489 1676 tager
500 1605 525 1660 lo
533 1605 631 1660 oouebe
646 1603 757 1658 delours
770 1616 863 1656 soeurs.
879 1600 938 1656 Mais
951 1601 1115 1657 commentle
1124 1599 1227 1673 sais-je?
1241 1600 1371 1672 pourquoi

415 1701 569 1771 ur'uppuyer
582 1700 615 1755 de
629 1699 687 1753 leur
701 1695 834 1768 exemple?
849 1695 888 1751 ou
902 1697 1001 1768 s'egure
1010 1712 1074 1752 mon
1083 1695 1368 1766 de'lire?bisparaissez,

415 1792 477 1846 seur
491 1791 606 1862 impure!
622 1789 651 1845 Je
663 1806 729 1845 veux
740 1789 822 1844 aimer
830 1805 895 1845 mon
906 1790 976 1845 frere
989 1806 1091 1845 comme
1103 1789 1123 1844 il
1132 1795 1171 1845 est
1178 1788 1279 1860 permis
1291 1791 1307 1843 ii
1318 1803 1370 1844 une

415 1898 498 1939 soeur.
518 1882 545 1936 Si
560 1884 585 1938 le
598 1883 712 1954 premier
727 1881 746 1936 il
762 1883 807 1937 erit
832 1882 908 1937 brute
927 1899 995 1953 pour
1013 1880 1076 1946 moi,
1093 1881 1225 1952 peut-etre
1246 1879 1371 1952 aureis-je

415 1993 453 2048 pu
469 1977 547 2032 ceder
566 1977 581 2030 i
600 1993 628 2030 so
650 1977 765 2030 flamme.
790 1975 818 2032 ie
833 1977 949 2032 u'aurois
970 1975 1044 2048 point
1066 1974 1147 2045 rejete
1168 1990 1210 2029 ses
1230 1967 1369 2039 ins'touees,

416 2072 444 2123 et
454 2068 536 2140 j'irais
554 2068 678 2125 solliciter
700 2085 749 2124 sou
764 2070 873 2124 amour!
892 2069 962 2134 Mais,
985 2068 1081 2139 Byblis,
1101 2072 1250 2139 pourras-tu
1271 2066 1371 2138 parler?

377 2150 389 2168 ⁸
416 2168 572 2234 pourros-tu
588 2164 625 2218 lui
644 2163 761 2219 de'elarer
780 2168 807 2218 ta
826 2162 952 2234 passion?
971 2161 1028 2225 Oui,
1043 2162 1156 2218 l'arnour
1168 2162 1303 2232 triomphe
1315 2177 1322 2217 :
1336 2177 1370 2215 un

416 2272 479 2311 areu
492 2273 535 2312 me
546 2273 604 2312 sera
617 2257 741 2326 possible.
755 2256 782 2310 Si
794 2257 818 2311 la
830 2257 912 2311 boute
921 2256 1048 2311 eneluine
1061 2272 1102 2312 ma
1116 2256 1220 2326 langue,
1233 2271 1287 2310 une
1295 2253 1371 2310 lettre

415 2350 585 2423 mysterieuse
595 2351 633 2406 lui
642 2350 771 2407 devoitera
784 2367 841 2406 mes
854 2352 914 2406 seur
926 2355 1031 2406 secrete.
1045 2353 1057 2402 ι’

524 2622 547 2665 bi
558 2620 646 2664 melius!
661 2605 682 2662 di
695 2632 773 2676 nempe
783 2632 834 2662 suas
845 2620 941 2662 habuere
953 2632 1044 2663 sorores.

524 2692 557 2736 Sic
567 2692 673 2735 Saturnus
685 2691 753 2747 Opim,
765 2691 865 2744 junctam
877 2690 917 2733 sibi
929 2691 1043 2746 sauguine,
1055 2692 1124 2740 duxit,

525 2763 622 2806 Oceanus
634 2762 721 2817 Tethyn,
734 2762 840 2804 Junononr
853 2765 924 2803 rector
938 2760 1025 2817 Olympi.

523 2835 578 2876 Sunt
592 2832 679 2885 Superis
693 2844 732 2873 suo
743 2831 800 2884 juro.
813 2830 868 2880 Quid
881 2830 907 2873 od
920 2831 1014 2873 eoelestia
1026 2831 1080 2872 ritus
1229 2830 1269 2873 500

524 2901 613 2955 Exige-ro
624 2901 738 2953 humanos,
751 2901 879 2955 diversaque
891 2901 973 2944 soedera
988 2898 1059 2943 tento?

524 2975 565 3016 Aut
578 2979 652 3015 nostro
664 2973 745 3015 vetitus
757 2972 784 3015 de
796 2972 859 3015 corde
873 2972 981 3027 fugabitur
993 2971 1068 3023 urdor;

524 3046 573 3096 Aut,
586 3045 626 3086 hoo
638 3044 656 3086 si
668 3055 758 3098 nequeo,
772 3056 866 3099 pereum,
879 3055 961 3099 precor,
977 3049 1035 3094 unte,
1049 3049 1139 3097 toroque

524 3116 606 3158 Mortuo
618 3126 741 3170 componor,
756 3115 876 3169 positaeque
888 3112 924 3155 det
934 3114 1006 3156 oscula
1017 3113 1091 3155 frater.
1180 3115 1181 3119 ’

523 3187 550 3230 Et
560 3194 636 3231 ,tauron
650 3186 765 3228 arbitrium
779 3186 857 3241 quaerit
872 3197 906 3226 res
920 3184 962 3227 isu
974 3185 1075 3227 duorum.
1091 3195 1093 3199 ⁴
1229 3180 1269 3222 :tufi

522 3256 587 3311 Finge
602 3257 686 3312 placere
700 3257 770 3299 mibir
784 3258 857 3298 scelus
869 3267 915 3297 osso
928 3254 1037 3297 videbitur
1052 3252 1092 3295 itti.

524 3331 550 3371 At
564 3341 607 3371 nou
619 3328 707 3371 :boiidtu
722 3328 827 3379 thulpmos
840 3327 933 3368 timuero
946 3317 1061 3367 sororum(

525 3398 584 3441 Unde
595 3399 633 3441 soil
647 3400 686 3441 bos
698 3400 762 3441 novi?
774 3399 815 3440 Cur
828 3398 874 3440 haee
886 3398 982 3451 exemplo
995 3395 1080 3451 paravi?

524 3469 569 3518 Quo
583 3470 655 3510 soror?
667 3469 767 3511 Obscenae
782 3468 858 3523 procul
870 3468 921 3510 hinc
933 3466 1036 3509 discedito
1050 3466 1152 3517 ssummm

525 3540 574 3591 Noc,
588 3539 629 3581 uisi
642 3552 685 3595 qua
700 3540 731 3581 sas
743 3546 775 3582 ost
789 3550 905 3594 permaneo,
919 3538 986 3581 sruter
999 3542 1092 3580 ametur.
1230 3533 1270 3575 uto

526 3610 547 3652 Si
560 3614 630 3650 tumen
640 3610 686 3663 ipso
700 3610 742 3652 ruei
755 3615 830 3665 coptus
841 3608 901 3663 prior
913 3612 968 3650 osset
981 3617 1060 3656 umore,

493 3726 494 3729 Ἰ
525 3677 622 3719 Forsitan
635 3678 693 3719 iliius
704 3690 790 3732 possem
803 3678 915 3732 indulgere
927 3677 1004 3719 furori.
1082 3709 1085 3713 .

527 3747 582 3802 Ergo
593 3760 639 3801 ogo,
652 3761 700 3801 queo
714 3750 797 3791 suerunt
813 3762 855 3790 nou
868 3749 975 3804 rejectura
988 3750 1105 3801 petentem,

526 3817 572 3874 Ipso
586 3820 667 3879 potatu?
679 3819 788 3872 poterisne
798 3820 872 3872 loqui?
885 3818 992 3874 poterisne
1004 3816 1080 3859 satori?

524 3891 585 3948 Cogit
598 3903 669 3946 omor;
685 3896 760 3947 potero
771 3904 778 3934 ·.
791 3890 833 3939 uei,
847 3893 866 3932 si
881 3891 950 3945 purior
964 3901 1002 3931 ora
1016 3887 1105 3940 touobit,

521 3967 606 4012 Littera
622 3965 705 4010 celatos
717 3975 799 4008 oroouu
812 3960 917 4004 iubebitur
928 3960 1018 4013 iguem
