3384 4675
425 548 474 599 5'16
748 535 1057 600 uuruuonruosns.

427 665 498 721 avale
512 666 582 721 leurs
595 678 655 720 succ
666 664 804 729 inconnus,
819 680 871 735 que
884 663 940 735 deji
950 662 979 736 je
989 662 1085 719 sentais
1100 661 1320 724 iuterieurement
1331 684 1384 726 une

427 758 552 830 agitation
565 758 699 815 scudaino
715 757 837 813 Eutralne
849 772 896 829 par
906 772 944 813 un
959 755 1065 811 instinct
1075 771 1194 813 nouveau
1206 763 1235 814 et
1248 758 1382 829 incapabte

427 849 462 906 de
472 850 579 908 nsoter
590 852 650 924 plus
662 852 818 923 longtemps‚
831 849 859 922 je
876 849 1011 905 m'ecn'ai:
1028 869 1040 902 ι
1053 847 1131 905 Terre
1141 866 1197 922 qne
1204 850 1383 922 sabaudomre

430 961 442 995 ι
457 943 658 1015 pourtouJornn,
667 943 756 999 adieu!
768 962 780 995 ι
792 946 819 997 et
826 941 854 1013 je
862 957 906 996 me
916 940 1036 1012 plongeai
1045 940 1155 998 danstes
1165 943 1237 998 iloto.
1247 942 1296 1000 les
1305 945 1382 1002 dieux

427 1034 461 1091 de
481 1037 582 1092 tamer
599 1050 643 1091 me
660 1041 784 1105 recurent
801 1041 828 1091 et
841 1034 1036 1091 m'assceierenr
1057 1036 1073 1091 i
1094 1036 1165 1092 leurs
1182 1037 1331 1094 honneurs.
1350 1038 1383 1097 tts

426 1129 591 1201 supplierent
610 1128 712 1184 l'Ocean
725 1136 752 1185 ct
764 1128 859 1199 Tethys
873 1127 906 1184 de
923 1126 988 1183 inire
1006 1128 1160 1200 disparuitre
1177 1147 1207 1186 ce
1228 1147 1283 1203 que
1294 1130 1384 1203 J'arais

427 1222 462 1277 de
483 1223 584 1279 mortel.
607 1220 653 1278 Ges
669 1222 738 1278 deux
757 1220 879 1277 diviniter
900 1235 944 1276 me
964 1220 1128 1292 purifierent.
1149 1222 1217 1277 Noni
1233 1223 1293 1289 fois,
1316 1240 1385 1295 pour

426 1314 521 1371 dfacer
539 1330 574 1371 en
588 1315 648 1370 moi
666 1318 739 1369 tonte
757 1312 891 1379 souillure,
913 1312 977 1369 elles
990 1314 1182 1384 prouoncerent
1196 1313 1243 1369 des
1255 1321 1328 1371 mois
1339 1332 1384 1372 sa·

428 1407 495 1473 ores,
510 1410 536 1461 et
549 1405 763 1462 m'ordonnerent
779 1405 812 1461 de
832 1420 876 1461 me
895 1403 1002 1475 boigoer
1013 1404 1079 1460 dans
1097 1411 1157 1460 cent
1172 1406 1282 1462 sserrves.
1296 1407 1383 1465 nussi-

430 1499 469 1554 [ὀὶ
483 1500 545 1554 cent
557 1498 654 1554 fleures
663 1498 798 1556 roulerent
811 1497 843 1552 de
864 1502 925 1552 tous
943 1496 1013 1551 cotes
1031 1496 1102 1553 leurs
1118 1512 1185 1554 caux
1200 1514 1247 1554 sur
1261 1516 1306 1556 rna
1320 1503 1382 1558 tete.

430 1589 500 1646 teila
511 1606 541 1646 ce
550 1605 604 1661 que
619 1588 647 1662 je
664 1589 723 1661 puis
737 1589 794 1645 dire
807 1589 840 1645 de
855 1596 896 1646 cet
909 1589 1073 1660 evenement,
1090 1590 1154 1646 dont
1162 1590 1190 1663 je
1203 1606 1248 1647 me
1263 1594 1383 1649 senciens

426 1694 520 1734 encore
530 1699 537 1734 ε
549 1678 694 1752 j'aioublie
706 1686 765 1737 tout
780 1681 806 1737 le
820 1684 901 1738 reste.
915 1680 1006 1743 noenu
1014 1680 1041 1753 Je
1051 1682 1136 1754 repris
1148 1698 1206 1738 mes
1217 1700 1289 1750 sens,
1300 1684 1329 1756 je
1338 1702 1383 1741 re-

426 1786 525 1827 connus
540 1787 592 1845 que
604 1789 667 1829 mon
681 1774 763 1845 esprit
777 1781 804 1831 et
815 1790 880 1830 mon
894 1790 969 1845 corps
982 1775 1083 1831 avaient
1096 1774 1155 1830 subi
1168 1792 1224 1830 une
1237 1778 1383 1834 metamor-

426 1863 518 1933 phose.
534 1864 615 1930 Alors,
632 1880 700 1936 pour
716 1865 741 1921 la
757 1867 890 1938 premiere
903 1867 963 1931 icis,
977 1865 1004 1938 je
1016 1867 1055 1921 ris
1070 1882 1114 1922 ma
1130 1866 1212 1923 barbe
1222 1870 1343 1940 prendre
1360 1873 1382 1926 ta

425 1958 533 2012 couleur
546 1957 593 2013 des
611 1957 671 2013 sscts
684 1964 711 2015 et
721 1974 777 2014 mes
788 1961 903 2017 chaceur
915 1959 1042 2017 sillonner
1054 1960 1092 2017 ies
1105 1960 1197 2026 codes,
1209 1978 1270 2019 mes
1281 1962 1382 2034 epacte

426 2047 608 2120 elargies,mes
619 2050 678 2106 bras
687 2054 785 2119 acures,
799 2059 825 2110 et
835 2069 893 2111 mes
898 2052 1001 2126 jambeo
1011 2053 1135 2109 courbecs
1147 2070 1181 2109 en
1194 2040 1282 2110 forme
1293 2056 1327 2111 de
1339 2072 1381 2111 na·

424 2141 757 2214 gecire.i1aisaquolboo
773 2162 803 2201 ce
818 2146 1008 2219 changemeut?
1021 2162 1073 2218 que
1090 2161 1135 2200 me
1146 2152 1202 2201 sert
1218 2142 1320 2203 d'uvcir
1340 2146 1381 2219 plu

424 2244 474 2287 unx
489 2233 567 2291 dienx
582 2234 616 2291 de
631 2233 656 2292 le
675 2236 749 2292 mer?
762 2254 813 2310 que
830 2253 875 2295 me
888 2245 944 2295 sert
962 2238 1046 2295 d'etre
1060 2238 1122 2296 dieu
1135 2237 1341 2307 moi-memesi
1355 2243 1381 2294 to

424 2327 506 2382 restes
523 2324 707 2384 insensibletn

530 2482 568 2526 Vix
581 2482 636 2527 hene
648 2484 797 2528 combiberant
810 2486 895 2541 ignotos
906 2493 995 2543 guttura
1008 2498 1090 2540 succos,

528 2554 597 2603 Quum
609 2554 681 2597 subito
694 2555 802 2611 trepidare
814 2556 875 2600 intus·
887 2557 1003 2613 precordia
1015 2558 1082 2609 sensi,
1239 2559 1280 2602 tue

530 2623 668 2681 Alteriusque
679 2626 726 2681 rapi
738 2632 822 2670 naturae
835 2632 910 2683 pectus
923 2639 1007 2671 amore.

529 2694 572 2737 Nec
584 2697 645 2750 potui
658 2702 740 2740 restare
752 2696 790 2739 diu
802 2713 808 2739 ι
822 2713 832 2736 ι
847 2698 1013 2753 Repetendaque
1025 2709 1138 2753 nunquam

530 2776 540 2803 e
555 2764 626 2817 Terra,
639 2765 695 2810 vate!
706 2785 715 2805 n
728 2767 779 2818 dixi,
792 2779 916 2825 corpusque
929 2767 970 2811 snb
984 2780 1070 2825 aequora
1085 2768 1158 2813 mersi.

529 2834 552 2877 Bi
564 2836 630 2878 maris·
641 2842 754 2891 exceptum
766 2838 824 2881 socio
836 2838 954 2894 dignantur
967 2839 1056 2892 ironore3

529 2901 597 2961 thue
609 2899 671 2960 mitri,
685 2920 827 2963 quoecumque
837 2909 913 2958 feram.
926 2909 1026 2953 mortalia
1042 2908 1135 2954 demant.
1236 2902 1280 2955 950

527 2977 642 3030 Oceanum,
658 2978 783 3035 Tethynque
795 2986 880 3036 rogant.
894 2980 937 3036 Ego
948 2980 1030 3023 lustror
1042 2980 1068 3022 ab
1080 2979 1130 3031 iltis,

528 3039 554 3089 Et
567 3056 675 3104 purgante
689 3051 749 3093 neios
761 3051 835 3094 novies
846 3052 900 3094 mihi
911 3052 1008 3095 carmine
1020 3052 1084 3105 dicto,

526 3117 614 3161 Pectora
627 3118 755 3163 fluminibus
765 3120 843 3175 jubeor
856 3125 978 3177 supponere
991 3125 1086 3164 centum.

526 3183 569 3227 Nec
582 3196 649 3237 mora,
662 3186 752 3230 diversis
767 3188 821 3243 tapsi
833 3188 861 3231 de
872 3188 971 3244 partibus
982 3202 1065 3241 omues,

525 3253 621 3309 Totaque
631 3261 747 3300 vertuntur
759 3270 824 3313 supra
838 3263 904 3316 eaput
912 3266 1000 3315 aequora
1014 3264 1121 3303 nostrum.
1240 3251 1281 3299 ⁹3⁹3

524 3323 632 3369 Hactenus
643 3333 691 3369 acta
706 3326 747 3371 tibi
758 3340 849 3382 possum
860 3329 1000 3374 memoranda
1015 3330 1107 3381 referem

525 3393 633 3439 Hactenus
645 3403 667 3439 et
681 3398 777 3449 memini,
791 3412 830 3443 nee
842 3407 904 3445 mens
915 3412 962 3443 mea
971 3405 1048 3443 cetero
1063 3405 1114 3443 sous
1124 3407 1139 3443 t.

499 3503 503 3510 ,
525 3464 575 3512 Qun
586 3470 701 3520 postquam
713 3467 786 3521 rediit,
800 3469 869 3511 alium
882 3481 916 3513 me
928 3481 1017 3526 corpore
1030 3468 1082 3521 toto,

524 3534 552 3575 Ac
563 3533 648 3577 fueram
660 3549 737 3591 nuper,
751 3550 791 3580 nec
804 3539 906 3582 eumdem
920 3545 1000 3594 mente,
1013 3540 1090 3595 recepi.

524 3601 582 3645 Hanc
593 3614 633 3658 ego
648 3609 693 3647 tum
705 3606 800 3661 primum
812 3609 905 3652 viridem
916 3608 1027 3665 ferrugine
1039 3608 1137 3660 bornum,
1233 3613 1276 3654 tuto

524 3671 678 3727 caesariemque
691 3688 768 3727 meam,
779 3690 844 3732 quam
857 3678 921 3734 longo
933 3691 1068 3735 penuquoru
1083 3684 1153 3732 verro,

523 3740 668 3797 Ingentesque
679 3744 788 3799 humeros,
803 3754 825 3790 et
836 3749 916 3791 crerulu
927 3749 1014 3792 brachiu
1027 3749 1078 3801 vidi,

525 3808 637 3864 Cruraquc
647 3812 761 3867 pinnigero
770 3821 858 3857 curvata
871 3817 988 3859 novissrmu
997 3828 1064 3872 pisce.

527 3880 580 3930 Quid
594 3888 664 3924 tamon
675 3882 720 3925 hoec
732 3885 825 3940 species,
837 3886 891 3941 quid
904 3887 938 3931 dis
948 3888 1056 3944 placuisse
1067 3883 1165 3937 murinis,
1259 3946 1261 3950 ἲ

525 3950 580 4004 Quid
590 3952 651 4010 juvat
661 3965 708 3997 csse
720 3952 793 4010 deum,
804 3957 822 3999 si
835 3962 859 4000 tu
869 3969 913 4001 non
927 3959 1022 4015 tangeris
1033 3959 1114 4002 istisr»
1234 3949 1279 4008 Ι963
