3384 4675
750 484 1055 547 ainauonauusns.

518 791 680 846 aunisimau.
700 818 733 832 -
751 789 875 844 maante.
895 819 929 828 -
948 801 1153 843 auamuaaaams
1169 801 1203 842 ue
1219 787 1302 842 unci.

785 893 850 932 maus
867 893 898 930 aa
914 891 1029 931 cananae.

468 999 510 1056 111.
529 999 622 1057 'fandis
636 1015 690 1073 que
705 1000 729 1054 la
745 999 841 1071 Sibylle
855 997 949 1070 pariait
966 997 1030 1054 ainsi
1047 1014 1082 1054 en
1099 1004 1224 1056 montant
1237 1016 1295 1057 une
1307 1004 1383 1058 route

433 1093 566 1164 esempee,
580 1079 648 1148 Bnee
662 1092 747 1164 quiite
766 1090 805 1146 ies
823 1091 960 1147 demeures
975 1085 1115 1147 infernales
1126 1096 1158 1147 ‘et
1173 1100 1265 1149 uentre
1280 1094 1382 1151 dansla

433 1184 494 1241 viiie
510 1185 545 1242 de
562 1183 663 1241 Cumes.
686 1184 707 1240 ll
725 1182 794 1239 ntiae
811 1198 862 1239 aux
877 1180 956 1238 dieue
975 1181 1015 1251 les
1033 1183 1163 1240 sacrifices
1183 1184 1342 1253 ordinaires,
1357 1192 1382 1242 et

432 1277 530 1335 abunde
547 1295 598 1335 aux
613 1279 713 1348 aivages
732 1278 778 1348 qui
797 1291 832 1334 ne
850 1275 979 1349 puntaient
997 1291 1044 1349 pas
1064 1292 1159 1334 enuere
1172 1277 1199 1333 ie
1222 1294 1289 1335 nom
1305 1279 1338 1336 de
1356 1296 1383 1337 sa

431 1371 564 1428 nuumiee.
580 1369 626 1436 L'a,
640 1369 753 1442 degente
770 1368 805 1426 de
820 1385 865 1427 ses
877 1370 952 1442 iongs
966 1385 1086 1449 inunges,
1101 1369 1188 1428 s'etait
1202 1371 1295 1428 amet&
1305 1371 1382 1429 tiana·

431 1463 484 1533 ree,
504 1464 539 1519 ue
562 1464 578 1519 a
598 1462 706 1536 ltneque
724 1467 753 1519 et
772 1477 937 1534 compagnnn
959 1463 996 1519 du
1014 1479 1075 1534 suge
1095 1462 1193 1536 Ulysse.
1216 1464 1235 1519 ii
1258 1474 1381 1523 recenant

430 1556 614 1626 Achemenide
626 1556 738 1618 delaisse
747 1555 816 1627 jadis
831 1559 877 1611 su'r
892 1556 932 1612 les
948 1557 1055 1612 mellens
1072 1557 1105 1613 de
1118 1556 1214 1614 I'Etna.
1236 1547 1340 1616 Etonne
1351 1561 1381 1617 de

430 1651 456 1706 ie
469 1652 555 1706 revoir
567 1652 673 1708 vivant:
689 1648 776 1712 «Quel
788 1649 893 1715 hasard,
903 1648 941 1704 lui
950 1648 1034 1715 dit-ii,
1045 1663 1080 1704 ou
1089 1647 1151 1719 quel
1161 1648 1224 1705 dieu
1235 1649 1274 1705 t'a
1288 1649 1379 1707 seuve?

344 1743 347 1749 '
430 1740 700 1801 commentantium
716 1757 752 1798 se.
762 1742 907 1799 trouve-til
923 1757 969 1798 sua
984 1757 1022 1797 un
1040 1741 1155 1798 vaisseau
1175 1741 1306 1800 barbare?
1319 1741 1382 1800 Vers

431 1836 507 1906 quels
526 1836 605 1893 bords
626 1836 777 1893 iaitesmus
796 1835 907 1892 mitet»
932 1836 952 1890 Α
972 1849 1016 1891 ces
1034 1835 1181 1906 questions,
1198 1835 1380 1918 Achimeniae,

390 1948 393 1954 ·
433 1946 486 2003 que
498 1948 533 1989 ue
545 1933 697 1990 couvraient
705 1934 764 2004 plus
774 1933 807 1990 de
814 1933 864 1990 niis
873 1932 1010 1989 lambeaux
1019 1931 1132 1988 attaches
1145 1947 1207 1988 avec
1219 1934 1269 2001 des
1281 1935 1380 2008 epium,

430 2022 617 2100 Achemenide,
636 2025 769 2081 redevenu
782 2025 854 2082 ensm
867 2025 1018 2090 lui-meme,
1033 2023 1071 2080 lui
1086 2024 1207 2097 repond:
1229 2046 1242 2078 a
1257 2025 1382 2100 Fuisse-ie

430 2115 488 2172 mia
501 2116 535 2172 de
548 2113 669 2173 nemean
683 2115 840 2188 Polypheme
859 2123 887 2173 et
903 2117 930 2174 ie
944 2133 1008 2189 sang
1021 2117 1131 2173 humain
1143 2112 1288 2175 demutant
1298 2120 1381 2177 deses

430 2208 522 2275 leues,
532 2210 555 2264 si
565 2208 603 2265 tes
611 2208 745 2267 vaisseaux
757 2209 891 2283 d‘ithaque
900 2226 943 2267 me
952 2217 1012 2267 sont
1021 2211 1163 2294 desnamais
1171 2211 1233 2282 plus
1244 2211 1323 2270 ehers
1332 2230 1381 2286 que

429 2301 468 2358 ies
481 2299 601 2375 Taoyens,
615 2307 642 2358 et
656 2300 679 2357 si
689 2300 717 2373 je
731 2307 851 2374 respeete
860 2302 947 2359 moins
957 2290 1026 2360 Enee
1038 2317 1090 2375 que
1100 2316 1164 2360 mon
1178 2303 1260 2376 pere!
1277 2304 1378 2371 iamais.

430 2394 493 2466 quoi
504 2409 556 2466 que
566 2394 592 2465 je
604 2394 682 2459 fasse,
691 2394 719 2466 je
729 2410 763 2451 ne
772 2394 880 2467 puurrai
891 2395 930 2452 lui
944 2397 1089 2467 temnigner
1102 2411 1174 2453 assez
1187 2396 1221 2452 de
1235 2401 1379 2456 reconnais-

444 2546 598 2581 tenementum.
612 2559 645 2570 -·
656 2538 777 2581 UACAREUS.
792 2559 824 2572 ···
835 2546 913 2582 cincus
925 2550 1101 2583 incanuauunna.
1113 2560 1145 2573 ⁸·
1156 2549 1217 2585 NCUS
1231 2550 1261 2585 ET
1274 2553 1363 2587 CANENS.

495 2626 531 2672 111.
557 2627 615 2671 'ialia
624 2640 743 2672 convexum
754 2640 793 2684 per
802 2628 844 2671 iter
853 2634 986 2673 memorante
997 2628 1084 2685 Sibylla,

534 2698 625 2743 Sedibus
634 2701 728 2743 ehoieam
738 2700 813 2755 stygiis
824 2700 918 2755 emergit
930 2700 953 2743 in
965 2698 1040 2743 urbem
1235 2704 1276 2747 155

533 2769 609 2813 'ineius
621 2770 706 2823 Eume,
718 2770 830 2825 sacrisque
841 2783 867 2813 ex
880 2770 1023 2821 mure-litatis,

533 2840 613 2884 Littera
622 2840 669 2883 adit
678 2839 775 2883 nundum
785 2840 878 2884 nutricis
889 2840 991 2883 habentia
1004 2852 1092 2884 nomen.

534 2910 573 2953 ilie
581 2922 667 2965 quoque
675 2910 804 2956 substiterat
812 2917 862 2968 post
871 2911 933 2955 taedia
945 2912 1009 2967 ionga
1021 2911 1119 2955 laborum

533 2979 628 3024 Neritius
640 2981 757 3033 Macareus,
774 2993 847 3025 cemes
857 2982 988 3037 experientis
999 2982 1087 3037 ulyssei.

533 3050 644 3094 Desertum
656 3052 766 3106 quondam
778 3053 857 3096 mediis
867 3052 906 3107 qui
915 3052 1009 3108 rupibus
1023 3052 1090 3095 AEtnae
1235 3056 1276 3102 100

533 3121 605 3165 Nescit
613 3122 794 3175 Achaemenidem
808 3122 970 3180 improvisoque
980 3128 1090 3179 repertum

533 3192 606 3236 Vivere
617 3194 722 3237 miratus:
733 3208 744 3234 ι
758 3194 797 3244 Oui
806 3198 827 3237 te
839 3205 938 3247 casusve,
953 3193 1034 3237 deusve

532 3264 615 3315 Servat,
624 3263 787 3308 Achemenide?
798 3265 850 3316 Cur,
862 3264 942 3321 inquit,
952 3264 1043 3307 barbara
1055 3264 1141 3310 Graium

533 3331 596 3377 Prona
606 3334 682 3377 vehit?
692 3334 774 3378 Petitur
783 3341 860 3379 vestrae
873 3340 988 3390 quaterna
1001 3336 1113 3379 carinaet»

531 3403 589 3447 'talia
603 3406 708 3460 quaerenti
720 3405 764 3459 iam
775 3416 818 3447 nou
831 3405 931 3453 hirsutus
943 3406 1034 3459 amictu,
1237 3411 1278 3456 165

531 3473 577 3518 Jam
591 3487 653 3528 suus,
666 3480 688 3517 et
697 3475 765 3529 spinis
776 3481 875 3518 conserto
888 3476 983 3532 tegmine
993 3476 1066 3526 nullis,

531 3543 596 3589 Fatue
605 3546 781 3590 Achaemenides:
795 3562 807 3586 c
820 3547 902 3591 lterum
914 3546 1069 3603 Polyphemon,
1084 3554 1107 3591 et
1118 3548 1166 3591 illos

531 3616 637 3669 Aspiciam
650 3615 727 3660 fluidos
740 3617 836 3661 humanu
851 3619 959 3673 sanguine
973 3618 1050 3672 metus,

531 3686 573 3729 liae
585 3686 639 3729 mibi
651 3688 668 3729 si
681 3689 750 3743 potior
761 3688 840 3731 damus
851 3695 886 3732 est
897 3690 1012 3745 ithaeeque
1024 3690 1106 3742 carina,

530 3756 551 3798 Si
561 3757 634 3799 minus
644 3758 722 3802 AEnean
732 3771 822 3802 veneror
834 3762 938 3815 genitore,
951 3773 990 3805 nec
1004 3774 1100 3817 unquam
1232 3766 1276 3812 atu

531 3824 580 3868 Esse
592 3827 642 3869 satis
654 3834 737 3882 putem,
748 3836 849 3885 praestem
862 3833 913 3876 iicet
922 3833 1004 3885 omnia,
1015 3839 1096 3887 gratus.
