3384 4675
373 531 421 588 ets
692 527 998 594 nisinenrnesns.

411 655 473 710 edu
482 655 661 712 milieud'une
671 657 758 728 plaine
772 657 885 714 s'elevait
891 675 928 713 un
935 663 1016 714 tertre
1026 657 1072 730 qui
1081 659 1106 713 la
1118 659 1254 716 deminuit.
1267 660 1327 718 J’en

371 749 500 820 compete
514 752 638 815 sommet,
648 756 675 806 et
685 751 718 805 de
730 751 752 806 11
759 750 786 822 je
799 753 1006 823 centempleune
1017 753 1082 808 lutte
1093 750 1156 807 d'un
1168 768 1248 822 genre
1259 769 1326 808 neu·

370 856 447 896 vesu.
463 840 496 895 Lu
509 841 570 896 bete
585 859 696 913 sauuage
707 845 792 899 tantdt
811 845 895 915 parsit
910 845 1028 910 atteinte,
1048 851 1075 899 et
1088 845 1173 900 tentet
1187 845 1287 901 semble
1297 863 1327 902 se

371 932 483 990 dereher
500 951 551 1005 aur
566 936 724 1008 peursuites.
741 935 781 992 Au
797 937 851 992 lieu
870 937 903 992 de
915 937 967 992 fuir
979 953 1012 992 en
1025 936 1096 1007 ligne
1107 936 1203 992 directe
1221 937 1285 993 dans
1301 940 1327 996 la

370 1025 467 1098 pinne,
482 1029 531 1084 elle
542 1029 643 1085 retient
657 1046 704 1085 sur
717 1045 758 1084 ses
772 1046 827 1099 pas,
845 1035 873 1084 et
888 1036 991 1100 trempe
1005 1045 1105 1099 perses
1117 1029 1230 1086 artifices
1243 1037 1270 1086 et
1284 1048 1326 1090 ses

370 1116 476 1174 de'teurs
487 1120 669 1192 l'impetuesite
682 1121 715 1175 de
727 1136 775 1177 sen
788 1121 905 1200 ennemit
917 1120 1008 1192 Lelaps
1019 1122 1042 1175 10
1055 1137 1146 1193 presse
1155 1126 1182 1176 et
1191 1121 1285 1177 desere
1297 1139 1327 1178 sa

370 1216 448 1268 truce.
457 1211 495 1269 On
504 1214 583 1270 diruit
595 1215 658 1286 qu'it
668 1215 693 1269 la
701 1215 767 1270 tient
776 1230 783 1278 ;
792 1214 860 1270 mais
870 1214 920 1269 elle
928 1214 1041 1286 echappe
1052 1214 1268 1270 tsesmnrsures.
1278 1215 1326 1270 t‘ai

371 1320 478 1361 reeeurs
486 1290 1327 1378 ulersdmenjeuelet.'iandisquejelebaiunce‚lesdoigtsenla·

371 1397 413 1453 eds
424 1398 490 1456 dans
499 1400 663 1468 laccurreie,
675 1400 703 1473 je
712 1400 841 1456 detcurne
849 1399 887 1455 les
895 1416 962 1473 yeux
973 1406 998 1455 et
1006 1401 1044 1455 les
1055 1406 1158 1472 reperte
1167 1398 1269 1456 hientdt
1279 1417 1327 1458 sur

371 1490 395 1545 le
404 1492 499 1562 pluisse.
510 1492 657 1566 Opredige!
668 1492 695 1563 je
704 1492 759 1548 vois
772 1492 840 1548 deux
853 1498 949 1548 statues
958 1491 992 1547 de
1000 1493 1108 1548 marbre
1118 1507 1125 1548 :
1137 1492 1209 1547 l'uue
1222 1493 1326 1549 semble

370 1583 433 1648 fuir,
448 1584 540 1641 l'autre
550 1585 656 1657 abcyer.
670 1585 734 1642 Sans
752 1585 832 1641 deute
843 1584 934 1656 Lelaps
946 1590 970 1639 et
983 1600 1031 1639 sen
1043 1584 1148 1639 ennemi
1160 1585 1258 1640 etaient
1270 1601 1325 1642 ser·

335 1705 339 1713 -
370 1673 404 1729 tis
413 1676 563 1743 delatutte,
578 1677 635 1733 l'un
648 1684 675 1733 et
685 1677 779 1734 i'autre
790 1675 946 1732 invincihles
962 1693 1008 1747 par
1020 1676 1045 1732 la
1060 1677 1162 1732 volente
1174 1677 1238 1732 d'un
1252 1678 1325 1744 dieu,

370 1767 393 1822 si
407 1785 446 1822 un
458 1769 518 1825 dieu
530 1769 593 1825 etait
607 1786 676 1825 venu
689 1769 704 1825 1
718 1771 777 1826 leur
793 1769 861 1825 aide.
875 1791 886 1822 r
900 1770 973 1824 dces
987 1776 1067 1834 mets,
1080 1768 1191 1840 cephale
1204 1771 1323 1827 s'arrete.

373 1858 457 1921 «Quel
470 1867 510 1916 est
522 1862 547 1917 le
556 1861 640 1917 crime
654 1863 687 1917 de
700 1878 730 1916 ce
740 1861 853 1934 jav'elot‘?
862 1883 872 1915 n
883 1862 921 1916 dit
933 1862 1041 1919 Phocus.
1056 1861 1198 1929 «Levmu,
1212 1862 1324 1934 reprend

369 1951 488 2024 cephale.

408 2065 420 2097 s
433 2046 467 2102 Le
481 2047 610 2112 bonhem,
628 2047 739 2113 Phocus,
751 2046 792 2103 fut
807 2064 874 2118 pour
886 2048 940 2104 mei
954 2050 978 2104 la
992 2064 1082 2104 source
1094 2048 1126 2102 de
1136 2052 1197 2102 teus
1210 2046 1249 2102 les
1262 2050 1326 2104 ehu*

369 2138 451 2210 grins.
466 2138 494 2193 Je
509 2139 562 2194 vais
576 2139 682 2196 d'aberd
693 2147 719 2195 te
728 2142 813 2211 parler
824 2142 857 2196 de
865 2157 907 2196 ma
919 2140 1023 2196 felicite.
1039 2139 1091 2194 Oh!
1104 2137 1325 2212 j'aimedrappe-

368 2229 418 2294 ier,
430 2230 471 2285 tiis
485 2219 607 2301 d'idaque
622 2247 665 2287 ces
677 2232 818 2303 premieres
827 2232 924 2288 annees
936 2232 972 2288 01(
981 2231 1065 2302 j'etcis
1074 2232 1193 2285 lreureux
1203 2246 1250 2300 par
1261 2246 1324 2284 men

368 2321 474 2396 epeuse,
490 2322 524 2380 01(
538 2323 587 2379 elle
601 2323 664 2380 etait
679 2324 809 2381 heureuse
819 2342 867 2397 par
882 2342 929 2381 sen
944 2324 1038 2396 epeur.
1055 2322 1109 2378 Une
1120 2321 1254 2379 tendresse
1263 2336 1324 2378 mu·

503 2507 585 2551 «Collis
594 2519 648 2564 apex
657 2508 722 2551 medii
734 2508 839 2563 subjectis
852 2509 952 2551 imminet
965 2508 1031 2553 utris.

475 2578 547 2621 Teller
559 2590 591 2631 ee,
602 2580 705 2634 capioque
717 2580 766 2622 neri
778 2578 900 2634 spectacula
910 2591 995 2621 cursus.
1177 2572 1217 2618 180

475 2648 592 2698 Quomodo
604 2646 717 2703 deprendi,
730 2646 794 2689 mede
805 2660 828 2689 sc
840 2647 962 2690 subducere
974 2646 1056 2701 abipso

475 2718 568 2761 Vulnere
582 2719 627 2761 visu
637 2719 682 2761 iera
694 2725 740 2770 est;
753 2730 793 2760 nec
805 2717 874 2760 limite
886 2717 961 2759 callida
977 2723 1043 2767 recte.

475 2789 499 2831 ln
512 2791 634 2843 spatiumne
646 2789 712 2844 sugit,
725 2788 762 2831 sed
775 2788 855 2843 decipit
866 2800 903 2831 ora
914 2786 1033 2841 sequentis,

474 2858 499 2900 Et
510 2858 566 2900 redit
576 2859 598 2899 in
611 2870 695 2913 gyrum,
706 2858 775 2901 ussit
788 2869 843 2899 suus
856 2857 952 2911 impetus
965 2856 1028 2898 hosti.

474 2928 574 2970 imminet
585 2928 628 2979 hic,
643 2928 784 2981 sequiturque
793 2939 879 2982 purem3
893 2926 1013 2980 similisque
1025 2924 1106 2968 tenenti
1175 2922 1214 2968 783

473 3000 519 3042 Non
531 3003 596 3049 tenet,
609 3004 631 3040 et
642 3009 721 3040 vacuos
732 3002 817 3040 exercet
826 2998 849 3039 in
861 3009 911 3040 acra
922 3008 1015 3040 mersus

473 3068 503 3113 td
514 3070 580 3124 jaculi
592 3069 691 3111 vertebar
700 3081 770 3123 opem.
782 3067 842 3117 Quod
853 3067 940 3111 dexteru
951 3068 1017 3110 libret

474 3136 528 3185 Dum
540 3140 658 3193 meu,du1n
670 3141 750 3194 digitos
761 3142 855 3183 umentis
868 3139 944 3181 indere
954 3144 1022 3191 teuto,

472 3211 563 3254 Lumina
575 3210 658 3260 deflexi,
669 3214 810 3263 revocataque
820 3222 898 3251 rursus
910 3208 985 3251 eedem

472 3278 805 3331 ttettuternn.tted1'0,mtrun!
818 3278 862 3322 duo
874 3289 980 3323 murmura
992 3288 1066 3333 campe
1177 3265 1217 3319 1110

473 3352 565 3406 espicio.
578 3351 660 3405 Fugere
670 3351 718 3402 1100,
732 3349 786 3392 illud
797 3349 876 3392 luttere
888 3355 984 3405 putares.

472 3422 558 3465 Scilicet
569 3423 661 3465 invictos
672 3421 735 3464 umbo
750 3422 869 3465 certamine
881 3433 958 3463 cursus

473 3491 523 3534 Esse
532 3491 587 3534 deus
595 3490 671 3544 veluit,
686 3492 706 3534 si
716 3492 765 3546 quis
779 3490 833 3535 deus
843 3490 913 3535 adsuit
925 3489 976 3532 illisa
987 3506 997 3529 ι

472 3558 591 3611 Hactenns;
602 3565 624 3601 et
635 3559 709 3602 tacuit.
723 3560 818 3603 «laculo
827 3559 886 3614 quod
898 3558 980 3600 enlmen
990 3558 1013 3599 in
1023 3554 1085 3612 ipse?
1096 3565 1106 3595 s
1212 3607 1214 3611 λ

473 3630 555 3673 Phocus
567 3631 604 3673 ait.
615 3631 684 3675 Iaculi
697 3633 728 3674 sie
738 3632 829 3675 crimina
839 3627 938 3672 reddidit
949 3628 1002 3671 ille:
1178 3620 1217 3665 tte

501 3736 512 3757 «
524 3717 602 3761 Gaudia
613 3719 745 3775 principium
754 3719 825 3762 nestri
836 3724 897 3769 sunt,
909 3716 987 3769 Phene,
997 3716 1085 3759 clelerisa

473 3788 510 3833 ttta
521 3790 583 3844 prius
595 3790 694 3834 referem.
707 3789 805 3834 invaso!
820 3788 946 3832 meminisse
958 3788 1014 3830 beuti

473 3858 598 3915 Temporis!
610 3859 703 3912 AEacidu,
716 3873 759 3915 quo
769 3860 851 3917 primus
863 3860 906 3901 rite
918 3868 956 3913 per
966 3869 1034 3901 annes

473 3930 567 3986 CenJ'uge
578 3941 637 3974 eram
651 3929 710 3982 telin,
723 3929 774 3973 tetii
786 3935 834 3974 erat
843 3930 880 3972 111(
891 3931 976 3972 munitm
