3384 4675
727 562 828 614 uvvnn
849 563 898 614 uv.
1097 610 1099 614 ,
1243 566 1296 623 usq.

334 677 489 736 uneoreitle
503 678 634 736 attentive.
650 677 685 736 Le
695 679 792 735 monde
807 680 906 736 dtcmel
919 679 1034 737 contient
1042 685 1134 752 quatre
1146 678 1285 750 principes.
1321 672 1328 685 '

333 772 413 837 lieux,
432 771 458 826 ta
474 776 545 826 terre
562 776 589 826 et
604 770 681 836 l'eau,
698 776 758 826 sont
770 778 875 843 pesants
898 779 925 827 et
942 773 1070 843 gravitent
1089 787 1146 828 vers
1165 771 1191 826 la
1205 776 1285 826 terre.

334 861 382 919 Les
397 864 465 919 deux
481 869 578 926 autres,
595 862 655 917 I'air
672 868 698 918 et
718 863 742 919 le
772 864 825 928 seu,
842 866 901 937 plus
921 881 975 936 pur
991 880 1042 935 que
1061 864 1128 930 l'air,
1144 861 1232 934 prive's
1252 863 1285 917 de

333 964 485 1028 pesanteur‚
504 958 628 1012 s'elevent
647 973 774 1028 sausque
795 958 852 1013 rien
873 959 1016 1031 comprime
1034 958 1092 1014 leur
1109 972 1192 1013 esser.
1210 955 1285 1019 Quoi·

334 1066 387 1122 que
400 1067 438 1107 un
451 1067 540 1122 espace
554 1050 592 1106 les
607 1051 709 1122 separe,
725 1052 757 1106 ils
775 1052 832 1108 sont
855 1058 911 1108 tout
930 1052 1022 1117 mitre,
1040 1057 1066 1133 et
1081 1056 1138 1106 tout
1154 1065 1183 1105 se
1195 1049 1286 1104 resout

334 1159 368 1198 en
390 1160 449 1200 eux.
470 1143 505 1200 La
525 1152 605 1208 terre,
626 1145 750 1209 dissoute,
767 1146 856 1201 tombe
872 1161 905 1201 en
925 1146 1007 1201 rosee.
1030 1144 1116 1208 L'eau,
1130 1143 1230 1198 reduite
1252 1157 1286 1196 en

334 1252 439 1307 vapeur,
458 1251 487 1292 sc
510 1238 622 1292 mutond
639 1237 702 1292 dans
719 1237 786 1303 l'air‚
804 1239 861 1310 qui,
885 1238 1013 1310 depouille
1036 1237 1070 1292 de
1090 1253 1118 1292 sa
1136 1241 1285 1307 pesanteur‚

334 1329 437 1386 devient
458 1329 519 1401 plus
535 1329 621 1385 subtil·
631 1337 657 1385 et
676 1331 789 1388 s'cnvole
806 1332 871 1387 dans
892 1332 916 1386 la
934 1329 1025 1400 region
1043 1330 1079 1385 du
1094 1329 1145 1386 feu.
1170 1327 1294 1404 linsuite,⁴

333 1440 381 1495 par
396 1439 451 1479 nne
466 1422 613 1479 revolution
632 1423 768 1490 contraire,
789 1417 822 1479 ils
839 1421 1004 1496 rcprennent'
1016 1425 1074 1478 leur
1089 1422 1204 1494 premier
1222 1421 1285 1477 vitat.

334 1519 368 1574 Le
397 1517 451 1581 ieu,
470 1516 572 1589 epaissi
599 1517 700 1572 devient
721 1524 814 1588 pesam
839 1523 920 1593 etse
941 1518 1039 1587 change
1055 1533 1089 1572 en
1108 1515 1162 1579 air;
1184 1515 1242 1570 l'air
1258 1531 1286 1569 se

333 1610 462 1665 convertit
480 1627 515 1665 en
532 1624 595 1674 eau;
614 1608 681 1664 l'eau
693 1625 721 1664 se
737 1609 868 1666 condense
881 1627 915 1667 en
934 1610 1022 1680 argile.
1041 1609 1107 1664 Rieu
1121 1625 1155 1664 ne
1168 1610 1246 1680 garde
1258 1626 1286 1665 sa

334 1704 420 1759 forme
432 1685 571 1775 primitive.
592 1701 626 1757 La
645 1709 739 1758 nature
757 1704 906 1759 renouvelie
928 1709 985 1759 tout
1005 1709 1032 1759 et
1051 1701 1181 1759 substitue
1199 1701 1287 1757 inces-

335 1804 465 1853 samment
486 1812 539 1852 une
555 1797 640 1866 figuoe
658 1797 672 1851 'a
693 1813 747 1852 une
769 1803 853 1853 autre.
874 1798 940 1853 Dans
959 1795 1093 1860 l'univers,
1114 1796 1285 1868 croyon-moi,

334 1891 392 1945 rien
403 1906 437 1946 ne
451 1889 532 1961 perit3
547 1890 693 1946 seulement
704 1895 764 1946 tout
776 1891 856 1957 varie,
867 1896 925 1948 tout
942 1891 1025 1961 prend
1040 1905 1093 1945 une
1104 1894 1178 1945 autre
1191 1891 1285 1965 =forme.

332 1980 427 2049 Naitre,
444 1982 507 2060 c'est
519 1997 684 2038 commenrer
695 1983 714 2036 ὲ·
720 1984 777 2039 etre
788 1978 863 2040 autre
874 1985 955 2057 qu'on
966 1982 1057 2038 n'etait
1072 1980 1197 2047 d’abord;
1211 1997 1285 2036 mou·

286 2094 289 2103 ¹
332 2076 379 2141 cir,
396 2075 460 2132 c'est
475 2091 561 2132 ccsser
572 2075 657 2132 d'etre
670 2093 705 2131 ce.
714 2078 795 2148 qu'on
814 2078 885 2134 erait.
906 2077 975 2142 iiais,
990 2078 1005 2132 ir
1019 2083 1119 2133 travers
1133 2091 1177 2132 ces
1190 2077 1286 2147 perpe-

332 2168 401 2224 tuels
411 2170 595 2240 changements
607 2169 639 2224 de
650 2171 732 2225 forme
741 2176 768 2225 et
777 2169 810 2225 de
820 2171 884 2236 lieu,
896 2171 921 2226 la
930 2171 1068 2227 substance
1082 2170 1114 2224 de
1128 2169 1203 2224 l'etre
1216 2175 1285 2223 reste

330 2263 356 2320 la
369 2249 492 2330 meme¹

371 2357 462 2422 «Non,
481 2358 538 2413 rien
557 2374 593 2412 ne
609 2364 672 2429 peut
685 2358 765 2413 durer
776 2373 837 2412 sous
858 2358 882 2412 la
898 2359 987 2414 meme
1005 2373 1161 2429 apparence;
1181 2358 1210 2426 je
1224 2355 1285 2411 n'en

438 2539 542 2587 Quattuor
556 2545 649 2582 aeternus
662 2540 766 2596 genitalia
777 2551 865 2597 corpora
877 2538 973 2582 mundus

361 2647 367 2656 ,
438 2606 545 2652 Continet.
560 2608 587 2651 Ex
598 2610 642 2653 illis
653 2610 697 2653 duo
708 2609 760 2653 sunt
773 2622 871 2662 onerosa,
883 2621 967 2665 suoque
1138 2606 1179 2652 ΜΟ

437 2676 533 2720 Pondere
546 2679 568 2720 in
580 2669 679 2731 inferius,
691 2680 755 2722 telius
767 2687 834 2735 atque
846 2681 913 2729 unda,
926 2680 1036 2732 semotum

437 2748 465 2790 Et
475 2750 564 2792 totidem
578 2751 684 2805 gravitate
695 2757 777 2803 carent,
791 2753 897 2807 nulloque
909 2756 1020 2807 premente

437 2818 485 2862 Alta
498 2825 582 2874 petunt,
595 2832 639 2873 aer,
652 2825 716 2875 atque
727 2834 776 2865 aere
789 2823 865 2877 purior
878 2823 942 2878 iguis.

439 2891 489 2940 Quae
501 2903 625 2946 quanquam
637 2890 707 2947 spatio
721 2892 808 2944 distant,
821 2899 895 2936 tamen
906 2893 978 2936 omnia
990 2891 1045 2935 fiunt

437 2961 466 3005 Ex
479 2962 540 3017 ipsis,
553 2968 575 3004 et
586 2962 610 3005 in
622 2963 668 3018 ipsa
680 2963 772 3016 cadunt;
784 2955 1009 3020 resolutaque'tellus,
1137 2958 1178 3005 att

437 3033 462 3076 ln
473 3032 568 3088 liquidas
581 3036 672 3077 rorescit
684 3047 761 3089 aquam
776 3042 880 3079 tenuatus
893 3037 992 3079 inauras

437 3105 533 3159 Aeraque
544 3104 623 3147 humor
636 3104 694 3157 abit3
709 3104 797 3162 dempto
806 3118 895 3161 quoque
905 3106 1008 3160 pondere,
1022 3116 1098 3148 rursus
1163 3106 1168 3119 ⁸

437 3173 463 3217 lu
476 3186 566 3229 superos
580 3186 617 3217 aer
629 3176 771 3219 tenuissimus
785 3177 864 3219 emicat
877 3178 946 3232 ignes.

437 3243 490 3287 lude
500 3250 559 3288 retro
568 3246 668 3298 redeunt,
678 3246 778 3301 idemque
787 3247 893 3289 retexitur
906 3247 965 3289 ordo.

437 3316 496 3372 ignis
509 3318 567 3359 enim
581 3318 673 3359 densum
685 3318 790 3373 spissatus
801 3318 824 3359 in
836 3329 885 3360 aera
900 3317 988 3370 transit3
1137 3312 1178 3360 250

437 3386 510 3430 Hicin
525 3399 601 3442 aquas;
619 3386 683 3430 tellus
697 3388 816 3442 glomerata
828 3388 914 3442 cogitur
927 3387 995 3440 unda;

436 3459 481 3504 Nec
491 3458 572 3514 species
583 3469 622 3501 sua
634 3459 713 3514 cuique
724 3462 806 3509 manet,
817 3471 936 3514 rerumque
949 3458 1046 3501 novatrix

438 3529 468 3572 ux
478 3528 528 3571 aliis
539 3529 591 3571 alias
603 3534 689 3583 reparat
700 3534 778 3571 natura
788 3528 877 3584 figuras.

438 3599 481 3642 Nec
491 3601 549 3654 perit
559 3599 583 3641 in
594 3604 640 3642 tcto
649 3600 774 3654 quicquam,
787 3600 841 3642 mihi
855 3600 944 3652 credite,
958 3600 1048 3652 mundog

437 3668 478 3713 Sed
489 3670 566 3721 variat,
577 3669 697 3723 faciemque
708 3675 781 3721 novat,
794 3671 899 3725 nascique
909 3676 997 3713 vocatur
1136 3666 1177 3714 255

438 3739 535 3795 Incipere
547 3752 594 3783 esse
608 3738 674 3790 atiud⁷
689 3751 755 3795 quam
766 3739 824 3794 quod
836 3739 879 3782 suit
890 3748 949 3792 ante,
962 3742 1062 3796 morique

438 3809 540 3853 Desinere
552 3809 604 3852 illud
619 3811 683 3854 idem.
698 3811 768 3859 Quum
782 3810 827 3852 sint
837 3810 881 3853 huc
894 3811 983 3854 forsitan
997 3812 1042 3865 illa,

439 3880 488 3924 tinec
499 3882 602 3924 translata
614 3881 675 3934 illuc,
688 3894 773 3925 summa
787 3886 859 3924 tamen
872 3881 943 3925 onmia
956 3888 1063 3928 constant.

467 3982 479 4008 c
490 3968 523 4012 Nil
534 3968 633 4023 equidem
645 3971 724 4015 durare
737 3970 775 4015 diu
787 3969 829 4013 sub
840 3971 936 4027 imagine
947 3972 1022 4015 eadem
