3384 4675
617 903 778 987 LIVRE
803 884 1073 985 flulrlhlln

765 1125 923 1136 -·--—-

441 1424 508 1463 ursus
525 1422 568 1460 EST
585 1406 679 1459 dulnch
697 1420 728 1458 ult
745 1418 815 1457 trote
833 1419 864 1457 oh
882 1420 941 1466 BER,
962 1420 992 1459 ET
1010 1420 1105 1469 scrut,
1125 1420 1153 1458 Sh
1171 1421 1247 1468 ΗΜ,

763 1503 793 1539 ΕΝ
811 1502 935 1541 ΑΙΕΒΕΤΤΕ,

403 1632 426 1687 1.
445 1623 1173 1776 hejal'etouedumatin'chansgagffllanuitetrounaules
1188 1631 1321 1699 ponesae
1362 1610 1421 1674 rw*

367 1726 486 1783 l'0rient.
496 1724 606 1779 h'llurus
616 1723 704 1779 tombe
716 1728 743 1778 et
753 1722 855 1777 d'humi
874 1738 902 1777 es
911 1738 1008 1792 nuages
1020 1721 1152 1777 s'dlevent.
1163 1722 1198 1793 he
1213 1723 1421 1800 paisiblepsm

369 1821 455 1873 Autan
470 1816 579 1871 seconde
595 1816 619 1870 le
631 1820 721 1870 retour
739 1815 784 1870 des
796 1812 892 1869 soldals
903 1799 1018 1885 d'anue
1031 1819 1056 1869 et
1072 1814 1103 1869 de
1111 1814 1225 1885 Cdphale.
1244 1814 1322 1872 brace

369 1912 385 1963 d
399 1924 448 1964 son
466 1906 559 1961 soullle
569 1906 696 1970 heureun,
708 1905 741 1960 ils
753 1905 868 1959 arrivent
885 1921 918 1960 au
934 1912 993 1975 port
1013 1907 1073 1975 plus
1087 1908 1126 1962 tot
1137 1906 1214 1976 qu'ils
1229 1923 1262 1961 ne
1269 1908 1322 1968 l'a-
1374 1972 1375 1975 Ἴ

369 2002 458 2057 valent
471 1998 570 2070 espere.
583 1997 730 2069 Gependant
742 1997 822 2052 llinos
840 1998 969 2069 ravageait
985 1998 1011 2053 la
1026 2000 1131 2055 eonlrde
1148 2000 1181 2054 de
1199 1999 1282 2064 Lelex,
1296 2008 1322 2056 et

370 2093 455 2150 laisait
467 2092 552 2147 l'essai
564 2091 595 2146 de
615 2107 657 2146 ses
669 2091 752 2146 forces
763 2106 825 2146 sous
842 2090 882 2146 les
892 2107 966 2147 murs
977 2091 1009 2145 de
1026 2092 1050 2146 la
1063 2092 1125 2146 ville
1144 2090 1319 2157 d'llloathor‘ls‚

370 2188 409 2243 od
424 2184 523 2256 rdgnait
540 2185 624 2239 Nisus.
646 2184 744 2239 Revdtu
762 2184 825 2238 d’un
840 2184 947 2241 brillant
967 2189 1090 2240 manteau
1110 2186 1143 2240 de
1156 2201 1278 2257 pourpra‚
1292 2203 1322 2242 oe

371 2281 461 2355 prince
475 2278 542 2333 avait
554 2294 599 2332 sur
614 2293 643 2333 sa
654 2277 708 2331 tete
720 2276 828 2331 blanche
844 2284 871 2333 et
883 2276 1021 2333 venerable
1033 2294 1072 2333 un
1084 2278 1181 2333 cheveu
1192 2278 1237 2350 qui
1252 2294 1321 2333 assu·

372 2374 423 2430 rait
435 2375 460 2427 la
472 2372 554 2428 duree
565 2373 598 2428 de
610 2388 657 2426 son
669 2370 747 2426 noble
761 2371 870 2443 empire.
1184 2352 1186 2362 ι
1373 2365 1375 2370 ’

408 2464 440 2518 Le
449 2463 541 2534 disque
552 2465 584 2518 de
596 2463 681 2518 Phehe
689 2463 825 2519 renaissait
838 2480 905 2534 pour
913 2464 938 2518 la
949 2464 1059 2519 sirieme
1071 2463 1130 2527 soie,
1144 2469 1171 2519 et
1181 2464 1205 2518 la
1219 2462 1322 2518 victoire

372 2556 434 2615 erait
457 2573 548 2613 encore
569 2557 710 2612 ineertaine
728 2573 735 2612 :
756 2557 901 2627 longtemps
918 2557 1039 2612 halancde
1058 2572 1104 2611 sur
1124 2571 1165 2609 ses
1187 2556 1257 2620 aileS,
1273 2557 1322 2611 elle

672 2782 798 2849 LIBER
830 2782 1024 2850 OCTAVUS

448 2977 507 3011 alsus
522 2977 544 3010 lh
559 2973 698 3019 mmmm,
716 2975 742 3007 ΕΤ
760 2975 843 3018 scruto,
861 2976 909 3009 ntus
925 2976 992 3019 ΗΜΛ,
1010 2976 1031 3008 lll
1047 2975 1104 3009 ctnltl
1119 2975 1242 3009 uturaltwlt.

461 3079 478 3123 l.
503 3078 549 3120 tarn
563 3076 657 3119 nitidum
670 3080 781 3132 retegente
792 3059 858 3130 dienr,
871 3075 984 3131 noctisque
995 3074 1085 3130 fugante

478 3150 582 3204 Tempora
596 3146 702 3198 Lucifero,
714 3146 772 3189 cadit
787 3145 866 3197 Eurus,
879 3150 901 3188 et
914 3145 1005 3188 humida
1017 3151 1110 3200 surgunt

478 3220 562 3262 Nubila.
576 3220 629 3260 hant
640 3217 717 3272 placidi
732 3228 822 3258 cursum
832 3215 975 3257 redeuntibus
987 3214 1058 3257 Austri

479 3292 569 3334 AEacidis
581 3289 723 3344 Cephaloque,
736 3288 815 3343 quibus
828 3286 919 3330 feliciter
931 3287 974 3328 uoti
1062 3325 1064 3329 .

479 3364 531 3403 Ante
544 3364 689 3414 exspectatum
702 3364 779 3414 portus
794 3364 884 3399 tenuere
898 3357 985 3412 petitos.

479 3429 561 3473 Interea
573 3429 639 3470 llinos
650 3429 739 3482 lelegeia
752 3428 824 3470 littora
840 3431 918 3477 vastat,

479 3501 637 3553 Praetontatque
649 3500 682 3540 sui
695 3499 752 3540 vires
763 3499 863 3540 llavortis
877 3498 898 3538 in
911 3496 965 3539 urhe

479 3572 582 3620 Alcathoi,
595 3582 661 3623 quarn
671 3570 735 3612 llisus
748 3569 821 3613 hahet.
835 3569 874 3611 Cui
887 3568 1015 3623 splendidus
1028 3573 1086 3612 ostro

480 3644 538 3685 lnter
550 3643 665 3684 honoratos
679 3641 749 3683 medio
764 3640 791 3683 de
802 3640 883 3682 uertice
894 3651 958 3682 canos

480 3713 551 3754 thinis
565 3711 690 3763 inhaerebat,
705 3712 778 3767 magni
793 3710 869 3753 srdueia
882 3711 951 3766 regui.

506 3801 567 3842 Sena
579 3799 719 3855 resurgebant
728 3799 818 3843 orientis
829 3810 910 3843 cornua
921 3799 1016 3851 Phoebes,

482 3872 507 3914 Et
521 3871 627 3930 pendebat
638 3871 708 3914 adhuc
721 3871 773 3915 belli
784 3871 879 3922 fortuna,
895 3870 976 3926 diuque
