3384 4675
660 557 662 563 ·
718 532 824 584 attan
846 533 895 586 1112
1243 532 1287 585 tto

334 650 538 708 «commender.
554 651 603 708 »Je
614 667 659 706 me
672 655 746 723 poste
760 652 775 707 a
791 652 899 708 l'entree
915 668 983 724 pour
995 668 1030 708 en
1044 651 1170 707 deiendre
1183 650 1285 709 i'aooes.

330 740 361 796 ia
369 742 463 800 fureur
471 728 602 815 s'empare
616 745 648 799 de
658 743 779 815 Lycabas,
790 745 815 801 le
826 745 886 815 pius
903 743 1043 798 audooienr
1056 743 1103 798 des
1118 743 1248 808 matelots,
1260 752 1286 799 et

329 834 383 903 prii,
396 834 479 890 hanni
493 836 526 890 de
539 823 669 900 l'Etrurie,
687 837 779 909 expiait
796 837 862 894 dans
879 836 949 891 Perii
964 852 1003 891 un
1017 834 1133 890 horribIe
1143 835 1283 891 homicide.

328 928 356 983 le
370 928 474 983 resiste.
487 927 554 983 D'un
563 945 630 1001 ooup
645 931 677 985 de
691 930 771 1002 poing
782 932 925 1002 vigoureux
938 929 956 984 il
970 945 1014 985 me
1026 930 1145 1001 irappei
1160 929 1185 984 la
1195 943 1284 1000 gorge

329 1027 354 1076 et
365 1020 446 1076 d'une
460 1037 580 1076 seoousse
590 1022 611 1076 il
622 1023 705 1077 m'eiit
714 1022 768 1092 jete
777 1024 841 1078 dans
852 1025 877 1079 la
889 1023 995 1097 men-si,
1007 1022 1106 1092 malgre
1121 1037 1184 1076 mon
1197 1023 1286 1077 etour-

328 1114 482 1178 dissemen13
495 1113 522 1184 je
534 1131 568 1171 ne
577 1131 620 1171 me
633 1115 703 1170 fusse
714 1115 873 1185 eremponne
885 1132 934 1170 aux
946 1115 1078 1183 cordages.
1094 1114 1129 1170 La
1140 1121 1233 1186 tronpe
1247 1132 1285 1172 sa·

330 1207 425 1278 milege
436 1224 567 1280 approuve
576 1215 643 1264 cette
652 1207 776 1263 violence.
787 1208 860 1262 nlors
867 1206 981 1264 Baoohus
993 1207 1048 1277 (oar
1059 1207 1144 1263 o’etait
1152 1207 1285 1282 Baechns),

329 1317 433 1357 nomme
450 1302 474 1356 si
492 1302 531 1357 les
544 1301 596 1356 oris
610 1307 717 1357 eussent
733 1302 898 1373 interrompn
911 1318 958 1357 son
973 1303 1093 1358 sommeil
1102 1308 1129 1358 et
1141 1303 1246 1374 rappeie
1258 1321 1286 1360 sa

330 1393 416 1448 raison
431 1395 557 1450 ensevelie
566 1394 631 1450 dans
640 1395 666 1450 ie
678 1394 721 1449 vin
735 1410 743 1450 :
762 1415 773 1446 α
787 1394 841 1457 Quo
854 1396 1016 1459 saites-vous,
1027 1395 1105 1457 dit-ii,
1120 1401 1147 1450 et
1157 1396 1286 1466 pourquoi

333 1506 344 1537 ι
358 1504 401 1542 ces
414 1487 562 1543 oiameurs?
575 1487 697 1553 Matalon,
711 1489 903 1559 apprenez-moi
922 1494 1055 1542 comment
1067 1487 1095 1557 je
1114 1487 1169 1542 suis
1188 1485 1231 1542 ioi.
1250 1486 1286 1543 oo

334 1596 345 1627 r
360 1579 528 1634 malea-rous
545 1595 589 1634 me
607 1579 787 1652 transponer?
798 1611 833 1622 -
844 1579 881 1635 Ne
896 1579 984 1634 orains
1000 1578 1066 1644 rien,
1084 1578 1201 1650 repliqne
1212 1579 1237 1634 ie
1248 1579 1289 1650 pi-

333 1687 345 1720 r
360 1670 424 1736 lore,
436 1676 463 1724 et
474 1670 580 1726 dis-moi
589 1671 653 1726 dans
662 1672 722 1742 quei
731 1676 792 1741 port
807 1677 837 1726 tu
852 1686 917 1725 vens
931 1668 1059 1725 ahorder:
1073 1676 1102 1725 tu
1112 1686 1181 1725 seras
1193 1669 1287 1741 depost

335 1778 346 1811 r
362 1763 397 1817 ori
409 1769 441 1817 tu
450 1763 475 1817 ie
487 1763 595 1818 desires.
607 1795 640 1804 -
650 1763 829 1834 Dirigezvotre
841 1779 933 1818 course
945 1779 1002 1818 vers
1013 1762 1104 1827 Naxos,
1113 1761 1214 1834 repond
1226 1764 1287 1820 Bac-

335 1874 345 1906 ι
358 1857 437 1911 rhus·
447 1855 527 1912 Lirest
537 1874 582 1912 ma
589 1858 731 1914 demeare:
746 1874 810 1912 vous
823 1875 839 1928 y
854 1863 987 1912 trouverea
1001 1871 1038 1911 un
1049 1857 1088 1911 soi
1098 1857 1255 1928 hospitalior.
1271 1878 1285 1913 o

332 1947 396 2004 Leur
411 1950 515 2004 bouche
529 1952 701 2020 mensongere
716 1951 777 2022 iure
788 1966 837 2023 par
854 1951 878 2005 la
890 1965 946 2005 mer
961 1955 987 2006 et
1003 1966 1051 2022 par
1066 1953 1153 2005 toutes
1167 1949 1204 2003 les
1222 1950 1286 2004 diri·

333 2041 399 2098 nites
410 2059 465 2114 que
476 2059 524 2098 son
538 2048 598 2099 voeir
610 2059 668 2098 sera
681 2044 790 2108 exauoe;
800 2049 827 2099 et
841 2044 873 2098 iis
891 2043 1075 2098 m'ordonnent
1090 2041 1286 2097 d'abandonner·

332 2135 354 2189 la
366 2135 436 2191 roile
453 2151 505 2191 aux
521 2141 604 2192 rents.
621 2137 703 2193 Naxos
717 2137 779 2192 etait
791 2137 912 2204 idroite;
927 2136 954 2207 J'e
965 2136 1070 2206 dirigeai
1085 2135 1110 2190 ie
1125 2136 1240 2190 raissean
1253 2133 1286 2188 de

332 2244 359 2283 ce
368 2230 438 2285 oote'.
448 2229 550 2311 Qimmn
562 2230 652 2287 s'ecrie
665 2245 672 2286 :
686 2251 698 2282 ι
711 2229 766 2293 Quo
775 2231 876 2295 sais-tu,
892 2230 1013 2285 insenso?
1025 2229 1093 2292 Quei
1102 2237 1140 2285 est
1151 2236 1197 2285 ton
1211 2245 1286 2285 aven·

334 2340 346 2373 ι
360 2323 602 2393 glement,ioetes?
611 2323 713 2380 Tonme
723 2325 737 2379 'a
746 2325 855 2393 gauche.
867 2343 878 2374 s
888 2321 995 2379 Les'uns
1006 2321 1197 2395 (o'etaitieplus
1206 2323 1288 2393 grand

441 2574 508 2631 Inque
519 2574 580 2619 aditu
593 2576 682 2621 obsisto.
694 2576 757 2620 Furit
769 2575 927 2620 audacissimus
940 2577 999 2619 omni

441 2646 472 2689 De
484 2657 575 2689 numero
587 2646 686 2702 Lycabas,
699 2648 737 2703 qni
751 2651 813 2690 tusoe
825 2647 904 2702 pulsus
915 2646 941 2688 ab
955 2645 1009 2687 urbo

441 2715 553 2768 Exsilium,
566 2717 612 2759 dira
625 2729 712 2772 poenam
722 2728 763 2773 pro
771 2719 837 2769 caede,
846 2716 930 2760 luebat.
1144 2709 1184 2754 ⁴725

441 2786 462 2828 Is
473 2786 536 2838 mihi,
546 2786 598 2829 dum
610 2792 675 2838 resto,
685 2787 777 2840 juvenili
788 2793 876 2842 guttura
889 2799 962 2842 pugno

443 2855 517 2911 Rupit,
531 2862 553 2898 et
563 2870 677 2899 excussum
689 2858 785 2900 misisset
797 2858 819 2900 in
831 2869 925 2911 aequora,
939 2858 957 2898 si
971 2867 1013 2899 non

442 2926 564 2979 Haesissem,
577 2929 676 2981 quamvis
689 2940 772 2980 amens,
782 2928 806 2969 in
818 2927 871 2969 inne
885 2932 991 2971 retentus.

442 2998 511 3053 Impia
521 2999 586 3042 turha
597 3000 691 3054 probant
702 3001 791 3044 iactum.
804 2999 859 3042 Tum
869 3001 963 3055 denique
974 3000 1068 3043 Bacchus

443 3068 551 3123 (Bacchus
562 3070 620 3113 enim
632 3070 721 3125 iuerat),
733 3072 801 3113 veluti
813 3070 906 3114 elamore
918 3072 1003 3114 solutus
1146 3062 1186 3105 ⁶50

443 3136 476 3179 Sit
488 3148 558 3191 sopor,
571 3144 636 3191 atquo
650 3150 709 3181 moro
720 3137 810 3180 redeant
820 3138 844 3180 in
856 3144 941 3193 pectora
956 3132 1053 3183 sensuss'

446 3224 457 3246 ι
470 3206 523 3254 Ouid
536 3206 620 3250 facitis?
632 3209 682 3263 quis
693 3208 788 3250 clamori
800 3207 844 3249 ait:
859 3220 910 3262 qua,
921 3208 992 3262 dieite,
1006 3216 1086 3262 nautae,

446 3292 457 3313 ι
470 3273 516 3316 iius
527 3288 566 3330 ope
578 3274 680 3331 perveni?
692 3289 735 3331 quo
746 3288 781 3319 rne
793 3277 878 3320 deferre
890 3282 986 3334 paratis?

447 3360 457 3380 ι
468 3344 556 3386 -Pone
567 3352 657 3399 metum,
669 3346 765 3399 Proteus,
779 3352 801 3390 et
811 3360 867 3403 quos
879 3349 1005 3405 contingere
1017 3356 1092 3405 portus

447 3428 458 3450 ι
471 3412 513 3455 Ede
524 3415 586 3465 veiis,
598 3416 665 3469 dixit;
681 3423 738 3460 terra
751 3418 828 3460 sistere
839 3420 914 3474 petita.
1147 3408 1187 3452 57¹5

449 3499 459 3521 ι
472 3506 500 3515 -
510 3484 589 3540 Napon.
603 3486 635 3527 ait
648 3487 717 3538 Liber,
730 3500 807 3529 cursus
818 3490 924 3532 advertite
935 3495 1025 3535 vestros.

452 3567 462 3589 ι
475 3551 513 3594 iiia
524 3553 577 3595 mihi
587 3552 663 3597 domus
677 3562 717 3608 est5
729 3556 790 3599 vobis
801 3558 842 3600 erit
854 3558 939 3613 hospita
952 3560 1025 3605 tellus.
1036 3577 1047 3600 »

451 3623 491 3663 Per
503 3635 562 3665 mare
572 3623 667 3679 ialiaoes,
678 3638 760 3682 perque
772 3630 844 3671 omnia
856 3630 945 3671 numina
955 3631 1031 3685 jurant

451 3693 485 3734 Sic
500 3692 551 3744 iore,
566 3706 645 3749 meque
653 3696 732 3750 jubent
745 3698 807 3753 pictae
818 3684 871 3742 daie
883 3699 930 3741 reia
942 3702 1026 3742 carina.

453 3763 540 3805 Dextera
552 3765 619 3807 Naxos
630 3771 684 3809 erat.
698 3767 774 3810 Dextra
785 3768 839 3811 mihi
851 3770 919 3812 lintea
931 3771 1003 3812 danti:
1150 3768 1190 3810 11111
1222 3760 1229 3786 s

454 3850 462 3871 ι
474 3834 529 3883 Quid
541 3834 601 3889 iaris,
612 3848 625 3878 o
637 3837 741 3881 demens?
752 3839 800 3894 quis
811 3845 833 3882 te
847 3839 915 3893 furor,
926 3841 1006 3896 inquit,
1018 3828 1094 3893 tenete,

453 3919 463 3940 ι
478 3902 518 3945 Pro
530 3916 553 3947 se
563 3906 663 3961 quisque,
676 3911 748 3953 teneti
759 3909 834 3953 laevem
846 3915 902 3966 pete.
912 3903 926 3949 ›s'
934 3909 1021 3953 iiaxima
1033 3916 1088 3956 nutu
