3384 4675
469 541 501 593 oo
794 529 1100 613 uirrnonenosnn

467 662 568 732 degree,
583 661 751 732 ernprisonne
768 660 826 715 leur
843 658 909 726 sein,
929 659 1000 715 leurs
1020 660 1123 730 epautes
1138 664 1164 714 et
1179 661 1248 716 leurs
1263 661 1335 716 bras.
1356 661 1364 716 l

467 753 568 810 bouche
583 753 655 808 seule
670 756 738 807 reate
752 750 849 805 intacte
866 756 893 805 et
910 749 1000 821 repete
1019 750 1044 805 le
1060 766 1124 806 nom
1137 751 1170 806 de
1183 751 1239 808 leur
1256 754 1340 809 mere.
1361 752 1364 808 3

468 861 519 916 que
535 845 640 917 pouvait
651 843 710 898 leur
722 843 804 907 mere,
821 842 843 897 si
860 859 890 897 ce
902 842 970 897 n'est
984 842 1071 897 courir
1085 845 1114 912 cai
1129 849 1155 899 et
1170 843 1195 898 la
1209 844 1243 898 od
1253 845 1364 914 l'egaren

466 936 633 1009 l'emportait,
650 940 684 1001 et,
696 936 810 1008 pendant
821 935 885 1007 qu'il
897 951 930 991 en
944 935 1006 991 etait
1020 941 1103 1007 temps
1118 952 1220 1001 encore,
1237 937 1299 992 unir
1310 953 1353 994 ses

468 1045 524 1088 sers
539 1031 631 1085 dceux
645 1030 677 1084 de
693 1044 735 1084 ses
746 1027 831 1083 sallon?
844 1028 933 1084 G'dtait
949 1033 1008 1100 trop
1028 1046 1079 1101 peu
1093 1045 1099 1085 :
1114 1030 1163 1085 elle
1177 1045 1266 1100 essaya
1285 1031 1317 1086 de
1330 1041 1364 1086 ret

468 1122 526 1182 leur
543 1137 618 1193 corps
630 1121 666 1176 du
680 1128 753 1177 trono
768 1123 800 1177 de
812 1121 918 1186 l'arbre,
937 1127 964 1177 et
981 1122 1041 1176 d'en
1059 1120 1143 1176 briser
1157 1137 1217 1177 aveo
1230 1138 1270 1177 ses
1282 1121 1364 1179 maine

467 1215 572 1273 tendres
588 1232 721 1271 rameaux.
740 1214 799 1270 Mais
817 1215 835 1269 il
853 1232 887 1270 en
904 1215 993 1270 tomba
1009 1215 1053 1270 des
1071 1221 1175 1284 gouttes
1187 1216 1219 1270 de
1230 1232 1302 1286 sang,
1320 1231 1364 1271 cor

468 1308 548 1364 d'une
558 1308 686 1364 blessure.
706 1328 717 1359 o
734 1308 838 1365 Arrdtet
850 1308 877 1380 je
888 1309 941 1364 t'en
953 1308 1069 1380 conjure,
1081 1310 1148 1364 dma
1157 1308 1244 1364 mere!
1259 1308 1364 1363 s'ecriat

469 1417 536 1456 eune
552 1401 585 1456 de
602 1417 642 1456 ses
657 1401 724 1456 fides
738 1416 772 1456 en
789 1417 818 1456 se
830 1407 934 1456 sentant
949 1400 1067 1467 blessde;
1083 1402 1176 1465 nnete,
1190 1400 1217 1471 je
1234 1401 1288 1456 t'en
1301 1399 1364 1470 conjt

384 1522 385 1525 ¹
469 1494 534 1549 dans
545 1499 587 1548 cet
596 1493 671 1548 arbre
682 1493 746 1549 c'est
753 1500 828 1550 notre
836 1509 914 1564 corps
925 1509 976 1564 que
986 1499 1017 1547 tu
1027 1492 1145 1548 dechires
1157 1515 1163 1547 :
1175 1493 1251 1549 adieu
1261 1492 1267 1546 !
1279 1514 1290 1545 r
1307 1493 1364 1548 L’ec

469 1587 566 1644 dtoussa
585 1603 629 1642 ces
649 1587 782 1642 dernieres
800 1587 912 1658 paroles.
932 1586 966 1642 De
984 1587 1008 1641 la
1025 1586 1149 1642 viennent
1169 1586 1208 1641 les
1222 1587 1316 1640 tarmes
1329 1602 1364 1656 qu

470 1681 577 1746 distillo,
592 1680 685 1752 etqui,
698 1680 802 1736 durcies
820 1697 866 1752 par
879 1681 903 1735 ie
915 1680 998 1745 soleii,
1012 1679 1132 1734 tombent
1150 1695 1182 1735 en
1200 1695 1293 1749 rapons
1307 1678 1364 1734 d'an

471 1773 504 1827 dc
529 1775 598 1828 leurs
623 1772 750 1827 branches
773 1771 927 1827 naissantes.
951 1771 985 1826 Le
1002 1772 1087 1826 sseuve
1102 1770 1140 1826 les
1155 1770 1277 1826 recueiile
1297 1769 1364 1824 dans

471 1882 536 1920 caux
547 1865 677 1935 limpides,
697 1871 723 1920 et
734 1865 771 1921 les
788 1871 863 1936 porte
881 1880 931 1920 aux
946 1865 1055 1920 semines
1073 1865 1110 1920 du
1125 1863 1235 1930 Latium,
1250 1862 1295 1935 qni
1314 1879 1348 1918 en

470 1957 527 2013 leur
542 1973 645 2029 parure.

772 2153 859 2193 crenus
877 2139 971 2193 euenor}
991 2155 1021 2194 un
1040 2155 1123 2194 crona.

507 2271 537 2327 n.
553 2271 585 2328 Ge
597 2271 704 2345 prodige
713 2269 812 2343 s'opera
821 2287 882 2327 sous
894 2271 932 2326 les
944 2287 1010 2343 peux
1018 2272 1050 2326 de
1059 2270 1165 2344 Cycnus,
1179 2271 1222 2326 fils
1232 2271 1264 2326 de
1276 2270 1364 2328 Stheni

473 2366 507 2421 Le
517 2382 581 2437 sang
590 2366 623 2422 de
629 2370 656 2420 ta
663 2365 736 2420 mere
746 2380 811 2420 rous
823 2364 944 2431 unissait,
957 2364 1129 2421 oPhaethont
1143 2365 1208 2421 mais
1222 2365 1331 2421 l’amitie
1343 2367 1364 2422 sc

472 2466 547 2516 entre
558 2476 622 2515 vous
632 2475 667 2514 un
677 2457 729 2513 lien
738 2459 797 2528 plus
807 2457 893 2514 etroit.
908 2456 1021 2526 Degodte
1034 2457 1066 2513 de
1078 2457 1195 2528 l'empire
1210 2456 1263 2528 (oar
1271 2457 1310 2514 les
1319 2476 1364 2530 pet

578 2656 846 2714 Perquegradusuterum,
854 2662 981 2713 pectusque,
989 2656 1142 2713 humerosque,
1149 2669 1271 2713 manusque

579 2728 656 2780 amon,
662 2733 687 2774 et
698 2726 812 2771 exstabant
825 2732 910 2770 tautum
920 2739 957 2770 ora
967 2728 1064 2771 vocantia
1074 2734 1173 2773 matrem.
1277 2720 1320 2771 555

579 2799 633 2849 Quid
644 2799 707 2843 iaciat
719 2805 795 2851 mater,
809 2799 860 2852 nisi,
873 2810 917 2855 quo
928 2799 1000 2842 trahat
1012 2799 1108 2855 impetus
1119 2800 1187 2854 ittam,

578 2870 624 2913 Huc
638 2876 679 2923 eat,
693 2876 758 2927 atque
769 2870 828 2923 iltue,
841 2875 871 2922 et,
886 2869 939 2913 durn
950 2868 1010 2922 licet,
1021 2870 1094 2913 oscula
1103 2869 1195 2927 jungat!

578 2940 625 2984 Non
636 2942 689 2983 satis
703 2946 752 2983 est:
766 2940 850 2984 truncis
862 2939 954 2982 avellere
968 2952 1057 2995 corpora
1069 2944 1146 2992 tentat,

580 3010 606 3052 nt
615 3017 700 3054 teneros
710 3008 812 3053 monibus
824 3021 897 3052 ramos
906 3010 1048 3065 abrumpere,
1058 3015 1080 3053 at
1091 3010 1143 3054 inde

567 3081 705 3137 ¹sanguineae
715 3084 813 3133 manant,
825 3085 930 3136 tunquam
942 3081 969 3125 de
981 3081 1078 3135 vulnero,
1091 3087 1166 3137 guttai.
1277 3078 1318 3127 560

582 3168 593 3190 ι
605 3151 677 3201 Parce,
688 3162 769 3205 precor,
783 3156 860 3204 mater,
871 3162 1014 3205 quacumque
1027 3157 1061 3195 est
1074 3152 1148 3195 saucia
1158 3153 1245 3205 claritat,

579 3221 651 3272 Parce,
661 3232 745 3275 preoor;
760 3225 859 3263 nostrum
871 3220 965 3263 laniatur
975 3220 998 3263 in
1011 3220 1088 3265 arbore
1098 3234 1188 3279 corpus,

578 3291 668 3345 Jamque
678 3290 751 3334 vate.»
764 3292 839 3334 Cortex
850 3291 873 3333 iu
886 3290 951 3333 verba
963 3291 1079 3335 novissima
1091 3292 1156 3336 venit.

580 3361 632 3405 ludo
644 3362 716 3404 ttuunt
730 3362 835 3417 lacrymae,
849 3362 974 3416 stillataque
988 3362 1033 3404 sole
1044 3362 1156 3418 rigescunt

580 3430 608 3473 Dc
619 3430 685 3473 rumis
698 3431 778 3474 electra
790 3432 860 3475 noris.
873 3432 923 3481 Quae
932 3432 1019 3475 lucidus
1030 3434 1101 3476 amnis
1277 3426 1320 3475 503

581 3500 670 3556 Excipit,
682 3508 704 3545 et
715 3501 806 3546 nuribus
817 3502 885 3545 mittit
897 3502 1000 3558 gestanda
1011 3502 1093 3547 latinis.

780 3675 855 3710 ciectus
868 3675 968 3711 MUTATUR
984 3677 1007 3711 ln
1023 3677 1118 3712 otonett.

555 3768 581 3817 ll.
609 3770 682 3814 Adfuit
694 3771 745 3813 huic
758 3777 856 3815 monstro
865 3771 936 3828 proles
949 3772 1069 3818 stheneleia
1078 3775 1168 3832 Cycnus,

581 3838 621 3890 Qui
634 3840 671 3883 tibi
685 3846 782 3883 rnotcrno
794 3842 916 3895 quanrvisa
930 3843 1035 3899 sanguiue
1044 3844 1142 3899 Junctus,

583 3910 652 3956 tiente
663 3915 743 3967 tauron,
752 3909 871 3966 Phaethon,
881 3912 968 3969 propior
982 3912 1031 3958 fuit.
1046 3914 1084 3959 llio
1094 3916 1178 3971 relicto,
