3384 4675
367 528 434 580 eor
688 515 995 580 uirruonruosns.

369 645 450 702 eieux.
469 644 505 702 Le
522 645 607 716 visage
620 645 713 716 ungue
728 645 760 700 de
773 645 874 718 pleurs,
890 645 929 701 les
947 648 1061 701 chereux
1071 646 1153 718 ‚epars
1166 652 1192 701 et
1207 646 1231 701 le
1249 643 1312 700 des-

369 739 454 811 eepoir
472 740 535 795 dans
558 738 647 804 i‘ime,
670 740 720 794 elle
741 739 850 794 s'arrete
868 740 961 795 devant
981 739 1105 811 Jupiter:
1130 761 1141 791 u
1162 737 1229 794 C'est
1246 754 1313 808 pour

371 847 463 887 ernon
476 847 539 902 sang
555 838 582 887 et
597 847 663 902 pour
677 833 702 886 le
716 833 771 887 tien
783 849 834 903 que
851 832 878 902 je
894 833 966 888 uiens
982 832 1135 904 t’imptorer‚
1153 831 1266 887 dit-elle.
1287 830 1312 884 Si

371 923 423 978 «la
441 923 499 979 noir
520 923 599 978 d’une
618 925 745 979 moreest
761 924 940 995 impuissante‚
964 941 1015 996 que
1036 925 1061 979 le
1080 928 1134 979 sort
1152 924 1184 978 de
1197 938 1240 978 ma
1260 922 1313 976 suile

371 1034 383 1067 ι
398 1017 494 1072 touohe
514 1031 561 1071 son
573 1017 645 1086 pere.
666 1016 695 1072 Je
714 1018 769 1073 t'en
781 1017 895 1088 conjure,
918 1018 1030 1089 quoique
1042 1017 1069 1088 je
1079 1017 1117 1072 lui
1132 1016 1171 1071 aie
1187 1015 1273 1071 donni
1287 1015 1312 1069 le

371 1126 383 1158 ι
396 1106 467 1177 jour,
483 1124 517 1163 ne
534 1108 586 1164 sois
603 1125 649 1179 pas
663 1098 839 1165 indifferenti
855 1126 903 1166 son
917 1109 1052 1165 malheur.'
1068 1109 1149 1181 ipses
1161 1109 1193 1190 rie
1206 1108 1312 1177 tongues

371 1202 558 1265 «recherches,
574 1201 601 1271 je
619 1200 662 1256 l'ai
677 1203 749 1256 enfin
764 1203 907 1266 retrouvee
926 1203 958 1267 si,
979 1203 995 1256 a
1008 1208 1047 1257 tes
1061 1217 1137 1272 yeux,
1156 1200 1218 1255 o'est
1233 1198 1257 1254 la
1270 1215 1313 1253 re·

370 1312 382 1345 ι
396 1299 502 1349 trouver
516 1295 617 1365 qu'etre
633 1295 693 1366 plus
706 1295 822 1350 certaine
837 1295 870 1350 de
885 1294 976 1350 l'auoir
990 1295 1101 1366 perdue;
1118 1293 1141 1349 si
1155 1293 1218 1348 o'est
1229 1291 1255 1345 ie
1268 1308 1312 1346 re-

371 1405 383 1437 «
399 1391 504 1442 trouver
521 1403 573 1457 que
590 1387 674 1443 savoir
687 1387 721 1441 ort
732 1386 782 1442 eile
796 1393 843 1442 est.
859 1387 912 1450 Quo
925 1403 967 1442 ma
976 1389 1029 1442 filie
1041 1403 1083 1442 me
1095 1387 1144 1442 soit
1158 1386 1268 1449 rendum
1285 1385 1312 1456 je

370 1494 382 1526 ι
398 1490 433 1530 ne
444 1491 488 1532 me
499 1476 626 1548 plaindrai
637 1477 712 1548 point
727 1477 759 1532 de
771 1493 820 1532 son
829 1478 1003 1543 enlevement3
1020 1494 1062 1532 oar
1074 1479 1098 1532 la
1108 1461 1164 1531 fiile
1175 1477 1207 1531 de
1214 1475 1313 1546 Jupiter

370 1589 382 1622 e
397 1585 432 1624 ne
448 1570 504 1626 doit
519 1587 565 1643 pas
581 1573 636 1627 etre
651 1571 770 1644 l'tpouse
783 1572 847 1628 d'un
868 1573 1006 1637 nevissem,
1029 1573 1052 1627 si
1066 1571 1185 1638 toutefois
1200 1586 1242 1625 ma
1257 1571 1312 1624 sule

369 1683 381 1715 ι
397 1677 519 1718 aeneore
536 1663 650 1735 quelque
663 1664 739 1719 droit.
762 1686 774 1718 ι
791 1665 892 1737 Jupiter
908 1666 945 1720 ini
960 1665 1080 1735 repond:
1098 1685 1108 1716 u
1123 1664 1177 1718 Elio
1197 1668 1236 1717 est
1253 1670 1312 1718 tou-

367 1774 382 1811 «
395 1755 472 1825 jours
484 1757 509 1810 le
523 1772 587 1826 gage
600 1756 633 1811 de
647 1765 723 1812 notre
734 1758 870 1814 tendresse
883 1745 1012 1828 et'l'objet
1025 1758 1056 1812 de
1069 1765 1144 1813 notre
1156 1756 1309 1811 solticitude.

370 1866 382 1898 r
398 1847 458 1903 ilais
476 1848 596 1904 donnons
610 1865 661 1904 eux
677 1850 767 1905 choses
783 1851 841 1906 leur
857 1842 980 1906 veritable
997 1865 1069 1904 nom.
1094 1848 1138 1904 Cet
1152 1849 1311 1904 euievement

369 1940 463 1996 «n'eet
481 1957 527 2012 pas
546 1957 583 1996 un
600 1947 721 2011 outrage3
745 1943 765 1995 il
783 1948 822 1998 est
838 1940 925 2014 plutot
941 1941 1046 1996 l'oeuvre
1061 1942 1093 1996 de
1107 1942 1225 1996 l'amour.
1245 1940 1311 1994 Nous

370 2051 381 2082 i
396 2031 521 2087 n’aurons
531 2049 576 2102 pas
585 2035 600 2087 'a
609 2033 771 2103 rougird’un
781 2030 816 2088 tel
829 2034 936 2104 gendre,
948 2033 971 2087 si
983 2040 1011 2089 tn
1023 2035 1154 2088 consensi
1166 2033 1309 2103 incoeptu,
1320 2037 1323 2044 '

309 2130 311 2136 ’
370 2126 415 2179 «o
433 2124 534 2180 deesse!
554 2124 617 2180 Saus
631 2125 717 2197 parler
734 2125 767 2180 de
785 2141 829 2180 ses
847 2132 935 2181 autres
952 2125 1034 2190 titres‚
1056 2124 1141 2196 quelle
1154 2122 1310 2194 prerogative

370 2234 382 2266 ι
397 2214 493 2270 d'avoir
502 2215 602 2288 Jupiter
613 2232 681 2287 pour
694 2216 775 2272 frere!
796 2215 850 2284 Que
865 2216 961 2287 dis-je?
976 2215 1035 2270 rien
1047 2231 1081 2270 ne
1092 2215 1130 2270 lui
1141 2229 1261 2284 rnenque.
1278 2212 1310 2268 Le

370 2313 451 2363 «sort
462 2307 518 2363 seul
529 2308 563 2364 l'a
576 2306 649 2380 place
659 2309 811 2364 au-dessous
830 2309 863 2365 de
873 2308 937 2365 moi.
957 2308 1112 2381 emendant,
1127 2307 1149 2363 si
1163 2313 1193 2363 tu
1202 2322 1231 2362 as
1242 2305 1310 2361 vive-

369 2419 381 2452 ε
395 2407 469 2456 ment
482 2402 497 2455 ir
512 2417 585 2458 ooeur
598 2402 743 2458 d'arracher
757 2409 782 2458 ta
795 2404 849 2458 fille
864 2404 896 2459 de
912 2419 953 2459 ses
967 2402 1034 2464 brus,
1054 2403 1103 2456 elie
1116 2408 1234 2456 rentrera
1245 2400 1309 2455 daris

471 2633 517 2677 Exit
530 2633 554 2676 in
566 2636 673 2687 aetherias.
686 2635 716 2679 ibi
729 2641 776 2678 toto
788 2635 862 2678 nubila
875 2636 935 2677 vultu

397 2695 401 2703 ’
472 2705 609 2748 tutelarem
620 2706 689 2761 passis
700 2705 762 2748 stetit
775 2704 880 2748 invidiosa
892 2703 989 2759 capillis:

472 2791 482 2814 ι
495 2774 580 2829 Proque
590 2787 639 2818 meo
651 2775 741 2831 supplex
751 2775 814 2817 venio
826 2775 875 2827 tihi,
884 2774 976 2829 Jupiter,
989 2773 1069 2828 inquit.

472 2862 483 2886 ι
495 2846 609 2903 Sanguine,
622 2859 704 2903 proque
715 2853 761 2889 tuo.
775 2846 796 2889 si
808 2847 869 2889 nulle
881 2851 914 2888 est
923 2845 991 2901 gratia
1003 2845 1084 2892 matris,
1168 2840 1206 2883 515

472 2933 482 2954 ι
495 2915 548 2958 Nata
557 2921 640 2972 petrem
651 2923 746 2968 moveut3
762 2929 806 2959 neu
817 2917 846 2959 sit
858 2915 896 2958 tibi
908 2926 968 2965 cura,
984 2924 1102 2969 precamur,

473 3003 484 3024 ι
496 2984 562 3029 Vilior
574 2977 640 3039 illiue,
653 2987 711 3041 quod
724 2992 798 3029 nostro
811 2992 845 3029 est
856 2986 913 3030 edite
924 2990 995 3041 partu.

472 3073 483 3096 ι
495 3056 534 3111 En,
546 3057 636 3111 quesite
648 3056 686 3100 din
697 3056 784 3100 tandem
795 3057 850 3099 mihi
862 3062 913 3099 nata
926 3059 1011 3111 reperta
1020 3061 1060 3108 eet,

471 3144 484 3169 e
494 3128 517 3172 Si
529 3128 626 3183 reperire
637 3140 708 3180 vocas,
722 3128 822 3171 amittere
833 3128 926 3179 certius;
939 3132 977 3170 aut
988 3125 1015 3179 si,

473 3218 484 3239 ι
496 3200 553 3243 Scire
564 3199 602 3242 uhi
614 3199 651 3252 stt,
660 3200 756 3255 reperire
770 3211 839 3242 noers.
852 3198 911 3248 Quod
923 3204 991 3253 rapta,
1005 3196 1107 3248 feremus,
1169 3194 1208 3239 5⁶20

472 3286 482 3308 ι
495 3269 614 3314 Dummodo
628 3269 771 3321 redderem
784 3269 924 3323 nequeenim
939 3267 1037 3323 praedone
1047 3269 1126 3309 marito

473 3356 483 3377 «
495 3338 547 3382 Filia
559 3340 623 3395 digne
635 3344 723 3391 tuaest,
735 3339 754 3381 si
767 3339 812 3394 iam
824 3352 871 3381 mea
884 3338 928 3381 iilia
940 3338 1005 3392 digne
1016 3342 1056 3380 est.
1067 3354 1077 3374 ι

471 3407 555 3461 Jupiter
566 3408 662 3463 excepit:
675 3424 685 3446 ι
699 3408 816 3451 Commune
825 3414 859 3450 est
871 3409 950 3463 pignus
962 3418 1060 3461 onusque

473 3492 484 3517 ι
497 3476 550 3519 Nata
561 3478 616 3520 mihi
630 3483 711 3520 tecum.
723 3478 771 3531 Sed,
784 3478 803 3520 si
815 3476 877 3519 modo
889 3476 1052 3519 nominetenus

473 3564 484 3587 ι
496 3548 579 3591 Addere
589 3562 638 3592 vera
651 3551 729 3606 placet,
740 3561 783 3593 non
794 3550 835 3592 hoe
846 3549 927 3603 injuria
938 3547 1025 3600 iactum,
1167 3546 1206 3588 525

473 3618 575 3663 «Verum
589 3632 648 3662 amor
659 3627 700 3663 est.
712 3621 786 3675 Neque
797 3620 840 3663 erit
852 3619 914 3661 nobis
925 3629 990 3674 gener
1004 3617 1042 3661 ilie
1054 3618 1141 3673 pudori;

474 3703 485 3727 ι
496 3686 528 3729 Tu
539 3686 609 3737 ruodo.
620 3686 676 3739 diva,
686 3687 747 3731 velis.
760 3688 787 3731 Ut
800 3687 872 3730 desint
885 3693 970 3741 cratera,
984 3693 1091 3741 quantum
1102 3696 1135 3729 εει

474 3774 483 3795 ι
496 3754 613 3799 Esseiovis
626 3757 725 3800 fratrem!
739 3758 800 3807 Quid.
813 3757 872 3812 quod
883 3770 923 3800 neo
934 3762 1010 3799 crotera
1021 3756 1108 3809 desunt,

473 3843 483 3866 ι
495 3826 539 3871 Nee
547 3826 604 3870 cedit
615 3828 658 3870 nisi
668 3832 727 3871 sorte
737 3828 798 3871 mihi.
810 3829 851 3872 Sed
864 3835 922 3871 tanta
935 3827 1014 3882 cupido

473 3898 516 3942 «si
530 3897 570 3942 ulti
584 3897 668 3941 discidii
679 3904 721 3952 est,
733 3906 818 3954 repetet
826 3899 952 3954 Proserpina
966 3898 1050 3952 coelum,
1164 3897 1204 3940 tw
