3384 4675
725 546 825 596 ttius
848 547 910 597 xil.
1249 550 1294 600 tot

338 670 364 726 la
384 669 491 724 flamme
508 665 554 739 qui
572 666 667 722 de'rore
686 680 729 721 ses
748 665 862 720 chereur
886 664 1009 721 herissis.
1029 664 1051 719 ll
1070 664 1217 724 detaoheie
1229 668 1297 725 seuil

338 761 420 817 d'une
430 766 515 832 porte,
531 764 557 814 et
568 759 663 829 charge
677 772 719 813 ses
731 757 836 830 epauies
850 759 882 814 de
891 773 921 813 ee
932 758 1037 816 iardeau
1051 760 1096 830 qui
1105 760 1149 816 eut
1157 761 1219 818 suiti
1231 763 1245 817 i
1257 777 1295 818 un

337 853 409 910 char.
426 853 457 908 Sa
470 865 558 931 masse
564 866 599 907 ne
608 850 645 906 lui
655 856 760 923 permet
770 866 818 922 pas
828 852 861 910 de
874 853 898 908 le
913 851 1025 908 lanoeri
1036 868 1085 909 son
1098 854 1213 921 ennemi,
1226 852 1295 910 mais

337 948 357 1005 ii
372 963 406 1003 en
421 948 509 1003 eorese
523 943 650 1010 tenetes,
672 959 720 1000 son
738 959 912 1017 oompagnon,
934 944 1009 1018 place
1022 953 1080 1019 trop
1104 947 1167 1018 pres
1192 947 1224 1003 de
1244 947 1292 1004 lui.

336 1039 435 1096 thtus
449 1055 483 1095 ne
496 1043 560 1110 peut
570 1037 692 1095 moderor
702 1052 731 1092 sa
739 1035 811 1107 joie:
828 1057 840 1090 r
855 1037 975 1096 Puissent
994 1045 1034 1095 tes
1052 1041 1128 1106 amis,
1141 1039 1227 1107 dit-ii,
1243 1040 1293 1097 de-

339 1149 352 1183 «
368 1131 459 1205 pioyer
471 1128 536 1186 ainsi
552 1131 610 1184 leur
620 1127 693 1184 iorce
705 1132 795 1183 mntre
811 1129 893 1183 nous!
907 1147 918 1180 r
935 1129 972 1184 En
984 1131 1072 1186 meme
1086 1136 1182 1202 temps,
1196 1147 1257 1187 aveo
1268 1132 1293 1187 io

336 1224 407 1282 tison
418 1222 512 1281 idemi
525 1221 611 1287 brute,
627 1221 646 1275 ii
659 1220 696 1275 lui
715 1220 763 1276 fait
776 1221 808 1276 de
823 1221 956 1277 nouvelles
965 1221 1104 1288 blessures,
1116 1228 1152 1288 et,
1165 1237 1213 1294 par
1228 1225 1293 1281 trois

335 1335 371 1375 ou
382 1323 474 1391 quatre
483 1315 719 1386 coupsvigoureur,
728 1313 766 1368 lui
775 1313 846 1369 brise
859 1314 885 1371 ie
894 1315 981 1380 crine,
997 1315 1061 1371 dont
1074 1314 1113 1372 ies
1124 1315 1211 1372 debris
1222 1318 1293 1373 s’eu·

335 1411 441 1467 ionoent
449 1410 514 1465 dans
525 1423 554 1464 sa
567 1407 684 1464 cerrelle.
696 1403 858 1476 Vainqueur,
874 1407 894 1461 il
907 1414 982 1464 oourt
993 1423 1050 1464 vers
1063 1395 1167 1478 Eragre
1184 1407 1292 1480 Corythe

335 1508 362 1558 et
374 1503 461 1576 Dryas.
482 1502 517 1557 lie
531 1516 574 1557 oes
586 1499 652 1556 trois
666 1498 836 1566 adversaires,
853 1497 972 1572 Corythe,
988 1500 1054 1556 dont
1070 1515 1113 1556 un·
1126 1501 1197 1571 leger
1215 1501 1294 1558 duret

335 1577 458 1664 ombrage
467 1595 482 1648 ir
492 1593 570 1665 peine
576 1594 602 1649 ie
610 1598 732 1659 menton,
743 1591 881 1647 suoeombe
894 1593 919 1648 le
932 1591 1047 1664 premier
1060 1611 1066 1646 τ
1084 1613 1096 1645 r
1110 1593 1199 1655 Quelie
1208 1594 1292 1664 gloire

338 1707 350 1739 α
364 1693 391 1742 te
399 1686 531 1742 retient-il
544 1686 577 1742 de
588 1686 614 1741 la
629 1689 700 1741 mort
714 1684 779 1740 d'uu
794 1683 926 1748 eniantir
952 1685 991 1741 lui
1010 1684 1050 1741 dit
1067 1672 1173 1757 Evagre.
1192 1686 1292 1742 Rhetus

334 1794 369 1836 ne
383 1779 420 1836 lui
437 1785 542 1851 perinet
555 1793 602 1850 pas
617 1778 649 1834 de
665 1777 829 1848 poursuirre.
846 1777 867 1833 tl
880 1778 989 1834 ensonoe
1003 1792 1065 1834 areo
1077 1779 1170 1835 fureur
1182 1779 1208 1833 ie
1223 1779 1290 1835 tison

333 1874 399 1930 dans
413 1889 442 1929 sa
452 1873 563 1937 bouche,
577 1887 610 1927 au
622 1877 740 1926 moment
751 1871 787 1927 ori
799 1871 817 1926 il
831 1871 930 1926 l'ouvre
943 1887 1009 1942 pour
1018 1871 1104 1942 parier
1113 1886 1216 1936 encore,
1228 1876 1255 1926 et
1265 1871 1290 1927 le

333 1983 429 2041 pousse
440 1967 535 2040 jusque
548 1965 615 2022 dans
627 1982 656 2022 sa
669 1965 791 2039 poitrine.
808 1966 868 2022 lite
882 1966 1003 2038 poursuit
1021 1968 1103 2032 aussi,
1115 1968 1185 2023 cruet
1200 1967 1288 2039 Dryas,

333 2067 358 2118 et
367 2061 413 2118 init
420 2067 566 2130 tournoyer·
573 2074 615 2115 ses
629 2059 689 2114 seur
703 2065 797 2116 autour
806 2059 839 2115 de
850 2063 896 2114 ton
906 2061 988 2125 t'ront3
999 2059 1065 2115 meis
1075 2049 1233 2114 il'n'ohtient
1245 2074 1291 2129 pos

333 2156 357 2210 ie
370 2155 458 2210 meme
470 2154 559 2210 suooes
572 2158 663 2225 contre
673 2151 719 2208 toi.
731 2150 826 2208 'iendis
837 2151 901 2222 qu'il
912 2151 1104 2225 s'enorgueiiiit
1115 2151 1147 2207 de
1158 2150 1291 2222 repandru

341 2251 450 2320 partout
465 2247 490 2302 ie
501 2259 623 2316 oarnage,
639 2252 668 2300 tu
683 2244 708 2299 ie
720 2259 811 2316 perces
823 2259 884 2300 areo
896 2260 934 2300 un
950 2244 1012 2316 pieu
1027 2243 1103 2299 duroi
1116 2244 1179 2300 dans
1188 2260 1225 2300 un
1238 2261 1291 2316 ppo

331 2339 384 2395 sier
397 2340 412 2393 ai
423 2337 589 2395 l'eudroitoir
600 2337 626 2393 ie
635 2352 684 2392 oou
694 2350 724 2392 se
734 2335 823 2408 joint‘a
833 2334 951 2407 l'dpaule.
968 2336 1066 2394 thtus
1073 2335 1155 2406 gemit
1166 2350 1173 2391 :
1189 2335 1250 2391 bra·
1263 2342 1289 2392 te

331 2443 347 2497 a
361 2442 437 2515 peine
453 2442 548 2498 retirer
562 2442 587 2497 ie
598 2440 656 2497 bois
671 2440 705 2496 de
724 2455 753 2495 sa
770 2439 894 2503 blessure,
914 2445 942 2495 et
954 2440 1002 2497 suit
1016 2444 1074 2498 tout
1089 2438 1182 2511 baigne
1193 2441 1226 2497 de
1239 2455 1288 2497 son

439 2607 531 2661 Excutit,
544 2607 611 2663 inque
623 2607 726 2652 humeros
738 2606 805 2651 limen
818 2606 897 2650 tetiure
908 2606 1020 2650 revulsum

439 2678 510 2731 Tollit,
522 2690 578 2722 onus
592 2678 695 2733 plaustri.
706 2677 766 2728 Quod
776 2689 803 2721 ne
816 2677 931 2733 permittat
943 2676 966 2718 iu
978 2677 1071 2727 hostem.

436 2748 484 2804 ipsa
496 2748 547 2791 iacit
561 2747 665 2803 gravitas.
676 2747 763 2793 socium
772 2758 858 2802 quoquo
868 2757 930 2790 sareu
941 2746 1009 2791 moles

437 2817 549 2874 Oppressit
560 2818 630 2873 spatio
642 2821 735 2862 stantem
747 2817 845 2873 propiore
857 2816 968 2859 Cometen.

437 2887 518 2931 Gaudia
530 2898 570 2931 neo
581 2887 661 2931 retinet
672 2886 763 2931 Rhoetus
774 2902 779 2929 :
792 2902 801 2923 ι
814 2884 848 2931 Sic
860 2897 991 2941 comprecor,
1002 2878 1086 2942 iuquit,
1139 2883 1182 2930 285

437 2975 448 2999 ι
461 2958 540 3002 Caetera
552 2957 581 3001 sit
590 2956 653 3001 fortis
665 2963 786 3001 castrorum
799 2956 861 3000 turbo
875 2956 990 3001 tuorumin

435 3028 609 3083 Semioremoque
620 3033 686 3071 norat
696 3028 816 3084 repetitum
827 3027 904 3083 stipite
915 3028 1003 3080 vuinus,

435 3098 520 3153 'ferque
532 3104 654 3153 quaterque
667 3098 728 3153 gravi
738 3097 854 3151 juncturas
863 3097 950 3141 verticis
961 3096 1006 3141 ictu

435 3168 508 3223 Rupit,
519 3173 541 3211 et
555 3168 578 3211 iu
589 3167 674 3223 liquido
686 3168 791 3211 sederunt
802 3179 850 3211 ossa
861 3166 957 3213 cerebro.

353 3274 356 3280 .
434 3237 506 3281 Victor
516 3238 543 3281 ad
555 3238 670 3292 Euagrum,
684 3237 853 3295 Corythumque,
868 3238 1003 3294 Dryantaque
1012 3237 1098 3283 transit.
1138 3232 1180 3281 29⁰

434 3306 542 3362 Equibus
554 3311 581 3349 ut
592 3308 662 3362 prima
673 3312 745 3351 teotus
759 3307 863 3365 lanugine
873 3307 940 3351 malus

434 3376 552 3421 Procubuit
565 3378 684 3435 Corythus:
697 3394 707 3417 ι
720 3379 791 3422 Puero
804 3391 853 3435 qum
864 3378 930 3435 gioria
943 3377 992 3421 tuso

434 3464 445 3488 ι
460 3448 524 3490 Perta
536 3447 577 3491 tibi
589 3451 635 3491 esti
649 3466 658 3487 ι
673 3448 766 3504 Euagrus
777 3449 817 3492 ait.
830 3449 874 3493 Neo
883 3448 956 3493 dicere
969 3448 1058 3491 Rhoetus

433 3517 497 3561 Pium
509 3518 569 3570 sinit,
582 3519 703 3574 rutilasque
716 3519 776 3562 ieror
786 3520 809 3561 in
819 3524 893 3575 aperta
904 3518 1015 3574 loquentis

434 3588 536 3632 Condidit
546 3600 582 3632 ora
592 3588 643 3641 viri,
655 3600 736 3645 perque
748 3602 772 3632 os
784 3590 806 3632 in
817 3596 912 3647 pectora,
924 3588 1028 3633 dammas.
1138 3587 1178 3631 ⁹295

434 3659 463 3702 'ie
475 3670 572 3715 quoque,
582 3667 637 3702 saeve
647 3660 708 3716 Drya,
721 3660 802 3705 circum
814 3666 880 3717 caput
890 3661 940 3716 igue
952 3665 1022 3703 rotato

435 3730 568 3784 Insequitur.
581 3729 621 3774 Sed
633 3741 677 3773 uon
690 3732 714 3774 iu
728 3737 749 3774 te
760 3742 848 3788 quoque
862 3729 1030 3774 constitutorem

434 3797 518 3840 Exitus.
531 3797 625 3842 Assidure
638 3810 736 3842 successu
750 3800 814 3843 curiis
827 3804 936 3851 ovantem,

432 3868 478 3916 oua
490 3867 567 3921 juncta
579 3873 612 3911 est
623 3868 715 3911 humero
727 3869 805 3923 cervix,
818 3867 873 3912 sude
882 3868 930 3924 figis
944 3868 1030 3913 obusta.
1074 3900 1075 3903 ,

434 3937 551 3992 ingemuit,
565 3937 664 3993 duroque
676 3935 752 3982 sudem
761 3938 797 3982 vix
810 3948 859 3982 osse
871 3937 957 3983 revellit

1070 4007 1109 4064 itt.
