3384 4675
663 591 672 613 ,
762 549 862 600 irrue
882 549 934 601 111.
1281 551 1328 602 na

371 667 434 721 d’un
443 681 542 738 easque
553 670 580 722 et
592 681 644 720 non
656 665 689 720 de
700 665 827 735 ieuillage,
838 665 865 736 je
878 682 942 720 vous
955 682 988 722 en
996 665 1114 738 conjure,
1125 683 1327 724 souvenezuous

371 758 404 813 de
419 763 493 814 rotre
508 757 618 828 origine.
632 758 696 829 dpez
704 759 729 813 le
737 773 849 830 courage
859 757 892 813 de
904 774 934 814 ce
949 758 1046 828 dragon
1058 760 1104 831 qui
1115 762 1171 816 seul
1185 761 1215 816 nt
1227 767 1281 816 tant
1293 761 1326 817 de

370 849 498 904 victimes.
515 849 536 904 ll
555 849 695 905 succumbe
708 866 775 920 pour
792 867 844 905 une
863 850 977 906 fontaine
996 858 1022 907 et
1040 868 1107 924 pour
1122 868 1159 908 un
1180 853 1232 918 lac;
1250 869 1324 917 vous,

370 943 464 998 sacher
481 943 585 997 rainere
602 959 670 1013 pour
687 942 829 998 l’lronneur
841 941 875 997 de
894 949 966 999 aotre
982 959 1055 999 nom.
1074 944 1093 999 ll
1109 944 1158 1000 mit
1170 946 1183 999 ai
1196 950 1266 1000 mort
1280 946 1326 1000 des

371 1035 463 1101 heros;
482 1051 553 1099 rous,
573 1036 677 1091 chassez
695 1035 742 1090 des
763 1036 861 1100 laches,
881 1044 907 1091 et
920 1038 1075 1093 ressuscilez
1094 1038 1119 1092 la
1136 1038 1275 1110 splendeur
1292 1038 1326 1094 de

370 1135 446 1185 voire
465 1145 535 1184 race.
551 1128 576 1184 Si
590 1130 627 1185 les
645 1129 744 1184 Bestius
758 1146 792 1184 ne
807 1129 912 1185 venient
926 1147 971 1202 pas
984 1147 1035 1203 que
1051 1130 1149 1187 Thebes
1164 1136 1234 1188 reste
1247 1132 1326 1203 long-

371 1227 461 1295 temps
477 1221 583 1284 debent,
599 1221 635 1275 du
650 1221 736 1276 moins
748 1236 799 1292 que
816 1221 841 1276 le
857 1221 936 1278 belier
949 1229 976 1278 el
989 1224 1012 1278 le
1029 1224 1089 1278 bras
1099 1222 1246 1280 d'hommes
1259 1213 1326 1288 ceu-J

370 1329 469 1384 rageux
485 1314 584 1368 lassent
597 1312 701 1367 erouler
716 1328 758 1366 ses
775 1328 861 1378 murs;
877 1330 929 1385 que
943 1316 967 1369 le
981 1314 1020 1369 ier
1037 1322 1063 1369 et
1079 1316 1103 1370 la
1115 1315 1221 1370 flamme
1234 1321 1326 1372 reten-

371 1408 466 1462 iissent
479 1423 525 1462 sur
535 1423 577 1462 ses
586 1405 688 1462 ruines.
700 1406 773 1460 dlors
782 1412 857 1462 notre
866 1409 986 1463 malheur
997 1425 1054 1463 sera
1063 1425 1114 1479 pur
1126 1409 1157 1463 de
1167 1408 1322 1471 lenimine:

370 1502 440 1555 alors
453 1516 522 1555 nous
539 1515 668 1571 pourrons
682 1499 802 1570 deplorer
819 1507 896 1555 notre
914 1507 969 1556 sort
989 1517 1023 1555 au
1043 1501 1128 1571 grand
1146 1499 1218 1569 jour,
1235 1505 1261 1554 et
1276 1514 1324 1553 nos

370 1594 469 1648 larmes
488 1592 623 1648 oouleront
640 1608 700 1647 sans
720 1593 811 1648 honte.
826 1592 864 1648 ΕΙ]
880 1593 956 1665 quoi!
977 1592 1075 1648 Thebes
1096 1591 1258 1647 deviendrait
1278 1606 1324 1646 au·

367 1685 504 1757 jourd'hui
518 1686 682 1756 laconquete
692 1670 755 1740 d'rin
766 1685 843 1740 fuible
860 1677 953 1740 eulant
967 1686 1012 1756 qui
1028 1685 1123 1740 n'aime
1137 1684 1165 1737 ni
1181 1684 1205 1739 ln
1218 1698 1322 1752 guerre,

372 1780 401 1834 ui
414 1778 452 1833 les
470 1794 567 1841 armes,
586 1778 615 1832 ni
633 1778 670 1833 los
684 1779 823 1845 ooursiers,
837 1783 864 1834 et
879 1796 912 1834 ue
930 1795 959 1834 se
976 1779 1039 1849 plait
1057 1777 1117 1849 qu'i
1132 1775 1266 1849 pariumer
1282 1792 1324 1832 ses
1346 1844 1348 1849 ι

370 1873 496 1936 drevenx,
514 1873 529 1926 'a
545 1887 574 1926 se
594 1887 672 1943 parer
687 1873 840 1936 mollement
858 1872 891 1927 de
904 1887 1058 1937 ouuronues,
1077 1887 1111 1926 ou
1131 1871 1146 1925 d
1161 1885 1188 1926 se
1204 1870 1272 1926 vetir
1290 1871 1323 1926 de

370 1963 597 2036 ponrpreetd'orl
609 1963 718 2028 ilientol,
730 1965 753 2018 si
760 1980 824 2019 vous
832 1964 1028 2029 l'abaudonnez,
1035 1964 1155 2035 Jesnurai
1163 1967 1187 2020 le
1195 1965 1282 2021 iorcer
1288 1967 1324 2023 de

369 2062 536 2117 reconnaitre
549 2061 574 2116 la
585 2061 696 2117 iaussete
706 2061 739 2118 de
749 2078 795 2116 son
806 2062 908 2132 origine
923 2069 950 2118 et
963 2063 996 2118 de
1005 2079 1048 2118 ses
1056 2064 1194 2134 mysteres.
1208 2063 1322 2118 Acrisius

368 2170 431 2211 aura
447 2170 482 2208 eu
495 2155 521 2209 le
537 2169 649 2224 oourage
663 2154 696 2208 de
715 2155 841 2226 mepriser
857 2171 910 2210 une
926 2155 1032 2210 divinite
1049 2155 1232 2225 meusongdre
1248 2162 1274 2212 et
1290 2156 1323 2212 de

368 2248 469 2302 lermer
482 2247 497 2301 a
512 2262 560 2302 son
574 2248 702 2317 approche
714 2248 852 2318 lesportes
865 2247 986 2317 d'llrgos3
1004 2254 1030 2303 et
1041 2247 1165 2308 Pentheo.
1180 2252 1207 2302 et
1222 2236 1322 2304 lnebe's

367 2341 483 2404 enuere,
494 2339 666 2395 trembleront
681 2340 774 2395 devant
785 2337 967 2409 cetetranger!
981 2337 1066 2396 Parlez
1078 2342 1092 2394 ‘a
1105 2340 1220 2395 l'instant
1235 2339 1264 2412 (il
1274 2340 1321 2395 s'a-

476 2660 532 2710 Este,
546 2671 629 2715 precor,
642 2671 757 2711 memores,
771 2672 813 2714 qua
826 2642 954 2715 sitisstirpe
963 2663 1042 2714 creati;

476 2730 581 2784 illiusque
594 2730 686 2779 animos,
698 2730 735 2783 qui
748 2731 831 2772 multos
845 2730 939 2784 perdidit
950 2743 1016 2777 unus.
1065 2736 1069 2750 '

477 2800 559 2841 Sumite
573 2801 687 2854 serpentis.
702 2785 742 2842 Pru
755 2800 852 2842 lontibus
863 2800 901 2843 ille
912 2800 1004 2853 lacuque

477 2870 573 2923 interitu
591 2877 614 2913 at
626 2883 665 2913 vos
678 2884 716 2926 pro
728 2871 785 2913 fama
796 2870 877 2913 vincite
889 2877 967 2913 vestra.

478 2941 519 2983 llle
532 2942 592 2984 dedit
603 2942 664 2984 letho
675 2942 754 2985 sortes?
766 2944 815 2994 llos,
829 2943 904 2998 pellite
917 2945 1001 2996 molles,

479 3010 504 3051 ln
517 3012 609 3065 patrium
621 3017 720 3055 revocate
730 3011 803 3056 decus.
815 3013 836 3055 si
846 3013 891 3055 iata
903 3013 1003 3056 vetabant

477 3082 537 3123 Stare
547 3081 584 3123 din
599 3082 689 3135 Thebas,
702 3084 786 3125 utinam
800 3089 905 3127 tormenta
914 3085 997 3139 virique

477 3151 553 3193 lloeuia
562 3153 680 3204 diruerent,
692 3155 818 3209 ierrumque
830 3155 929 3210 ignisque
941 3159 1053 3200 sonarent!
1173 3153 1215 3199 550

477 3220 577 3264 Essemus
590 3224 662 3265 miseri
675 3224 722 3266 sinc
732 3226 831 3276 crimino,
843 3237 932 3280 sorsque
944 3228 1061 3280 querenda,

478 3292 523 3333 lion
532 3293 621 3335 celanda
631 3293 693 3343 soret.
707 3298 849 3351 lacrymaeque
860 3296 943 3351 pudore
955 3303 1061 3340 carerent.

478 3364 503 3403 ut
516 3374 595 3403 nunna
609 3374 675 3417 puero
688 3365 763 3407 'l'hehae
777 3365 890 3420 capientur
903 3367 988 3419 inermi,

477 3431 542 3479 Quem
552 3445 621 3487 nrquc
632 3433 691 3477 helia
702 3434 788 3488 juvant,
803 3448 843 3479 nec
855 3439 906 3487 tela,
919 3449 959 3478 nec
970 3450 1023 3479 usus
1035 3450 1152 3495 equorum

476 3500 517 3543 Sed
529 3495 629 3544 madidus
641 3504 727 3559 myrrha
740 3505 815 3557 crinis,
828 3506 950 3561 mollesque
963 3518 1053 3558 corone,
1173 3506 1213 3550 555

477 3571 625 3627 purpuraque,
640 3579 662 3615 et
673 3573 738 3629 pictis
750 3575 858 3618 intextum
870 3577 970 3619 vestibus
980 3590 1065 3622 nurum.

476 3642 542 3691 Quem
554 3644 641 3697 quidem
653 3656 692 3699 ego
703 3650 808 3698 actutum,
821 3647 884 3689 modo
896 3660 933 3690 ros
947 3647 1053 3704 absistite,
1068 3662 1147 3702 cogam·

477 3715 659 3768 Assumptumque
671 3720 762 3770 patrem,
775 3722 939 3771 commentaque
953 3729 1012 3759 sacra
1024 3717 1094 3762 larlcu.

477 3785 507 3825 ln
519 3786 571 3825 satis
583 3785 663 3827 Acrisio
675 3790 708 3828 est
719 3786 793 3839 animi,
807 3792 945 3828 contemnere
955 3800 1032 3830 vanum

475 3853 565 3906 Numen,
578 3860 600 3897 et
608 3857 714 3910 argolicas
725 3857 819 3913 venienti
830 3857 932 3900 claudere
945 3863 1025 3913 portus,
1171 3854 1211 3901 560

467 3923 561 3967 Penthea
576 3926 665 3968 tcrcclrit
677 3939 727 3970 curn
739 3927 790 3969 totis
804 3926 884 3970 advena
897 3928 987 3971 'lhelris'l
