3384 4675
407 525 438 578 ‘tn
725 516 1031 579 uirauenrnosus

407 645 443 699 du
456 644 518 714 joug
531 645 563 698 de
581 643 706 714 l'lrymen.
727 643 841 698 Souvent
854 658 901 698 son
915 643 977 714 pere
989 642 1026 696 lui
1040 640 1116 695 disait
1135 656 1141 695 :
1162 660 1172 692 u
1193 641 1229 696 lla
1247 643 1309 709 ulle,
1327 651 1358 700 tu

407 753 449 791 me
465 736 521 792 deis
539 753 575 790 un
589 734 696 804 gendre.
719 754 729 785 a
748 734 860 790 Sceveni
872 732 890 788 il
910 734 945 788 lui
957 732 1031 788 disait
1045 748 1139 789 encore
1154 748 1160 788 z
1182 753 1193 785 α
1208 733 1245 789 lla
1254 736 1318 802 fille,
1330 743 1359 792 tu

407 845 449 883 me
462 829 521 882 dcis
530 828 575 883 des
585 827 723 899 petits-fils.
745 848 755 879 a
773 827 820 881 Les
832 827 913 883 belles
926 828 1000 899 jeues
1010 827 1041 882 de
1056 825 1160 898 Daphne
1173 831 1359 888 secouvraient

406 923 474 977 alors
494 921 573 976 d'une
589 921 678 976 chaste
691 936 816 990 rougeur.
831 918 886 974 Elle
903 918 1049 1002 repoussuit
1061 920 1085 975 le
1098 920 1227 976 flambeau
1239 922 1272 979 de
1289 923 1359 997 l'hy-

406 1002 498 1070 menes
516 1030 574 1069 avec
587 1020 676 1069 aulant
690 1013 828 1068 d'herreur
839 1013 922 1082 qu'un
936 1013 1026 1079 crime,
1043 1019 1078 1080 et,
1099 1013 1247 1085 suspendue
1258 1033 1292 1071 au
1309 1034 1358 1075 ceu
1396 1080 1398 1084 ¹

406 1109 439 1163 de
452 1125 499 1163 son
512 1110 584 1179 pere,
599 1107 693 1178 qu'elle
711 1105 821 1178 pressait
841 1105 873 1160 de
887 1120 930 1160 ses
944 1106 1040 1162 deuces
1058 1107 1181 1163 elreintes
1198 1129 1204 1163 :
1226 1129 1238 1161 c
1253 1108 1359 1167 Laisse-

406 1201 470 1266 mei,
484 1200 628 1265 discit-elle,
642 1201 658 1254 b
671 1215 733 1253 mon
747 1197 821 1270 pere!
833 1197 906 1268 jouir
918 1199 932 1253 b
943 1196 1036 1269 jamais
1049 1201 1081 1254 de
1094 1217 1138 1254 ma
1150 1202 1279 1271 virginite.
1290 1204 1359 1261 C'est

408 1313 459 1352 une
477 1297 564 1350 faveur
583 1311 634 1366 que
655 1292 757 1364 Jupiter
775 1294 882 1348 accerda
896 1292 963 1364 jadis
979 1294 993 1347 ‘a
1010 1293 1097 1348 Diane.
1120 1317 1131 1348 a
1149 1295 1201 1350 Son
1218 1297 1281 1368 pere
1297 1305 1360 1356 veut

407 1406 514 1446 exaucer
529 1405 570 1444 ses
587 1402 681 1443 veeux:
698 1406 709 1436 u
725 1387 783 1440 llais
799 1386 940 1452 ta'beaute,
959 1387 995 1441 lui
1010 1386 1087 1454 dit-il,
1105 1387 1221 1460 s'oppose
1232 1389 1246 1444 ‘a
1257 1394 1297 1445 tes
1311 1391 1360 1446 de'·

407 1483 457 1538 sirs
473 1503 479 1537 ε
500 1482 531 1537 ils
543 1487 602 1537 sont
615 1480 760 1533 cumbattus
775 1494 821 1550 par
834 1484 873 1533 tes
890 1479 1017 1533 charmes.
1041 1499 1051 1530 a
1070 1479 1107 1534 En
1119 1481 1218 1552 proici
1235 1482 1357 1550 l'amour,

429 1576 515 1648 pollen
522 1573 596 1631 bruile
605 1572 638 1627 de
648 1572 731 1627 s'unir
742 1573 756 1625 ai
767 1571 881 1642 Daphne,
892 1572 936 1643 qui
946 1573 1017 1627 vient
1030 1573 1061 1628 de
1074 1573 1226 1645 frapperses
1238 1575 1357 1646 regards.

368 1577 511 1740 &gaqum
524 1668 620 1731 desire,
633 1666 652 1720 il
663 1665 784 1742 l'espere3
798 1665 863 1719 mais
873 1665 891 1720 il
903 1673 944 1720 est
954 1665 1022 1747 dupe
1036 1667 1068 1721 de
1080 1682 1120 1720 ses
1132 1683 1239 1738 propres
1248 1668 1356 1725 eracles.

408 1762 555 1816 Semblable
570 1762 584 1814 a
601 1760 625 1814 la
636 1758 712 1830 paille
723 1758 808 1828 legere
822 1759 901 1828 qu'en
913 1758 999 1821 brute,
1016 1759 1104 1828 quand
1119 1774 1154 1813 on
1166 1758 1199 1815 l'a
1212 1760 1360 1831 depeuillee
1378 1785 1381 1789 ·

408 1856 453 1910 des
467 1855 531 1926 epis,
545 1870 579 1909 eu
594 1853 655 1907 bien
669 1851 748 1923 pareil
763 1851 778 1905 d
791 1868 833 1906 ces
844 1850 917 1905 haies
930 1850 975 1921 qui
986 1851 1142 1917 s³allumeut‚
1152 1851 1173 1906 si
1184 1851 1208 1906 la
1217 1855 1307 1909 terelle
1323 1857 1359 1912 du

401 1962 534 2018 ‚voyageur
546 1962 579 1999 en
597 1945 726 2016 approche
739 1948 797 2014 trop
817 1943 889 2013 pres,
906 1959 940 1996 ou
953 1959 968 2013 y
983 1948 1021 1996 est
1039 1943 1148 2014 deposce
1161 1960 1212 1998 aux
1229 1946 1359 2015 premiers

407 2055 500 2110 rayons
513 2040 549 2094 du
559 2038 629 2109 jour,
641 2036 749 2106 Apellen
760 2043 799 2091 est
808 2036 902 2091 devere
916 2053 962 2107 per
972 2054 999 2093 sa
1013 2036 1115 2123 passion
1130 2053 1136 2092 :
1152 2043 1209 2092 tout
1221 2054 1269 2093 sen
1284 2056 1360 2096 coeru

407 2132 558 2195 s'embrase,
574 2137 600 2186 et
612 2128 718 2210 l'esppir
735 2129 838 2184 nourrit
852 2145 880 2184 sa
894 2128 982 2201 sterile
993 2122 1140 2195 flammefill
1157 2132 1303 2204 contemplo
1320 2135 1359 2190 les

330 2262 340 2280 .,
407 2227 519 2298 cheveux
537 2225 570 2280 de
586 2221 691 2294 Daphne
706 2223 808 2277 flottant
829 2238 890 2278 sans
908 2229 949 2278 art
968 2230 1061 2278 auteur
1082 2224 1114 2279 de
1130 2241 1177 2279 son
1191 2241 1249 2280 ceu.
1271 2245 1283 2276 c
1305 2226 1359 2288 Que

408 2319 525 2375 serait-ce
540 2317 614 2382 donc,
628 2315 705 2381 dil-il,
718 2313 772 2371 s'ils
787 2314 882 2370 etaient
898 2315 1010 2371 tresse’st
1026 2337 1036 2369 a
1054 2316 1074 2371 ll
1088 2316 1141 2371 veit
1153 2333 1194 2373 ses
1213 2333 1280 2388 yeux
1293 2319 1361 2375 etin-

408 2412 475 2468 celer
489 2426 591 2467 comme
608 2409 676 2464 deux
694 2413 778 2464 astres
797 2407 930 2476 brillants;
955 2408 973 2463 il
993 2409 1046 2464 voit
1059 2426 1087 2465 sa
1098 2410 1198 2491 berrclre
1216 2411 1356 2482 gracieuse,

514 2623 573 2681 Saepe
587 2630 647 2681 pater
660 2623 730 2667 dixit:
744 2639 754 2662 «
767 2623 873 2667 Generum
886 2624 948 2676 mibl,
961 2623 1012 2676 filla,
1026 2625 1116 2670 debes.»

514 2699 572 2751 Saepe
588 2696 725 2752 paterdixit:
740 2713 750 2734 ι
763 2695 831 2738 llebes
842 2696 904 2748 milri,
919 2702 976 2747 trata,
988 2702 1104 2750 nepotes.»

515 2767 558 2818 llla‚
570 2770 630 2811 velut
641 2769 730 2820 crimen,
742 2768 809 2810 taedas
821 2779 883 2809 exosa
893 2767 986 2822 jugales,

448 2852 451 2857 ·
515 2838 605 2883 Pulchra
617 2840 738 2883 verecunde
752 2837 889 2881 suffunditur
900 2849 937 2879 ora
948 2838 1037 2890 rubere;

515 2907 582 2963 inque
594 2909 661 2963 patris
672 2907 759 2950 blandis
768 2908 852 2950 baerens
864 2908 945 2950 cervice
959 2908 1056 2951 lacertis:
1213 2907 1253 2951 tab

516 2993 526 3015 ι
541 2976 570 3019 lla
584 2978 638 3019 mihi
651 2982 763 3032 perpetua,
779 2978 864 3031 genitor
876 2978 992 3027 carissime,
1005 2977 1067 3029 dixit,

514 3047 642 3102 virginitate
656 3048 706 3089 frui,
718 3046 778 3089 llcdit
790 3048 831 3089 boc
845 3052 906 3101 pater
917 3052 967 3090 ante
979 3047 1078 3091 Iliense.»

514 3118 551 3161 llle
563 3118 652 3173 quidem
665 3117 804 3172 obsequitur:
817 3134 827 3158 ι
839 3118 879 3162 Sed
895 3124 916 3159 te
927 3117 990 3161 decor
1001 3119 1049 3165 iste.
1062 3117 1119 3173 quod
1131 3125 1197 3176 optas,

515 3189 567 3232 Esse
578 3193 642 3241 vetat,
654 3193 746 3243 reteque
758 3193 795 3231 tuo
807 3194 843 3231 tua
858 3189 926 3231 forma
939 3195 1077 3244 repugnat.»

515 3258 607 3301 Phoebus
616 3265 682 3309 amat,
696 3259 791 3312 visuque
802 3259 864 3313 cupit
875 3258 983 3301 connubia
995 3259 1104 3315 Daphnes;
1216 3248 1257 3293 ³9⁰

515 3331 607 3383 Quaeque
617 3328 684 3382 cupit,
698 3334 777 3383 sperat,
790 3340 875 3383 suaque
888 3328 950 3370 illum
965 3329 1050 3371 oracula
1065 3330 1151 3373 fallunt.

515 3399 584 3453 thue
595 3398 653 3441 leves
664 3398 750 3453 stipulae
763 3397 858 3453 demptis
871 3397 985 3441 adolentur
999 3399 1083 3453 aristisp

514 3468 540 3511 Ut
551 3467 634 3511 facibus
642 3480 704 3524 sepes
716 3470 800 3522 ardent,
814 3480 869 3524 quas
881 3466 937 3511 ferte
951 3469 1020 3510 viator

515 3539 552 3581 Vel
563 3538 628 3581 nimis
639 3540 741 3591 admovit,
754 3540 788 3582 vel
799 3540 843 3595 jam
858 3538 899 3582 sub
911 3538 960 3582 luce
971 3540 1072 3595 reliquitp

515 3610 547 3652 Sic
559 3609 613 3653 deus
625 3612 647 3653 in
660 3610 758 3653 flammas
768 3610 834 3661 abiit;
846 3611 877 3653 sic
888 3616 975 3665 pectere
988 3616 1032 3654 toto
1136 3623 1138 3626 ·
1213 3598 1255 3655 895

515 3681 597 3734 Uritur,
610 3685 631 3723 et
641 3679 738 3724 sterilem
749 3682 856 3736 sperande
871 3682 940 3724 nutrit
952 3687 1055 3724 umorem.

514 3752 600 3807 Spectat
610 3753 719 3796 inornatas
730 3753 785 3796 celle
799 3753 893 3808 pendere
906 3754 1013 3809 capillos„
1044 3789 1050 3799 .

516 3820 556 3863 ltu:
569 3837 579 3860 ι
594 3820 657 3874 Quid,
669 3821 687 3864 si
699 3828 850 3867 cementaria
862 3826 900 3868 ait.
912 3822 974 3867 Videt
983 3823 1033 3879 igne
1047 3825 1117 3868 micae
1129 3835 1158 3881 es,

517 3891 628 3937 Sideribus
642 3892 725 3936 similes
736 3896 821 3950 oculose
832 3896 891 3939 videt
901 3896 985 3949 oscula;
998 3905 1047 3951 ques
1058 3906 1101 3939 neu
