3384 4675
759 544 863 595 nruun
881 545 935 595 vu.
974 523 986 539 ‘
1279 545 1325 597 arr

369 664 435 730 suis,
449 661 529 729 dit-il,
542 662 681 734 passionei
692 677 759 733 pour
773 662 812 719 les
821 664 902 719 sordis
911 669 938 718 et
946 677 1013 734 pour
1021 663 1048 719 la
1060 663 1159 718 chatse.
1169 660 1325 721 Neanmoins

366 753 396 826 je
406 755 518 811 cherohe
530 752 623 825 depuis
640 753 789 824 longumps
807 754 841 810 de
855 754 916 825 quel
934 754 992 810 bois
1004 759 1044 810 est
1054 753 1102 809 fait
1114 760 1162 810 ton
1172 752 1276 825 jarelot.
1291 755 1325 811 Le

368 848 443 903 frene
457 853 497 903 est
508 846 565 918 plus
576 845 667 917 jaune,
685 851 712 901 et
729 845 754 902 le
766 845 925 902 eomouiiler
943 847 1002 918 pius
1020 861 1133 902 noueux.
1149 844 1264 916 i'ignore
1276 863 1323 902 son

369 937 481 1009 origine,
496 937 563 994 mais
582 937 612 1009 ie
626 937 690 995 u'eu
708 938 733 994 ai
745 938 839 1009 jamnis
852 953 887 993 ru
900 938 934 994 de
946 939 1005 1010 plus
1019 938 1095 994 beau.
1113 957 1126 991 ι
1148 936 1186 993 Un
1200 938 1245 1003 des
1262 940 1324 996 trois

368 1027 472 1087 eniants
480 1027 513 1084 de
520 1029 642 1100 l'dttique
654 1029 692 1086 lui
699 1029 801 1101 repono
812 1046 818 1086 :
831 1049 846 1084 a
863 1029 914 1086 Son
925 1046 1005 1101 usage
1018 1036 1044 1086 te
1053 1030 1165 1102 paraitra
1178 1030 1237 1101 plus
1251 1031 1325 1088 eton-

370 1127 437 1177 naut
448 1137 501 1193 que
514 1137 543 1177 sa
553 1122 657 1179 beaute.
670 1122 691 1177 il
700 1125 792 1179 atteint
801 1122 919 1197 toujours
929 1125 955 1179 ie
966 1123 1028 1189 but;
1038 1123 1131 1195 jamnis
1144 1124 1163 1178 il
1174 1139 1209 1179 ne
1220 1126 1278 1182 vole
1290 1143 1323 1183 au

369 1213 474 1280 hasard,
486 1219 513 1270 et
525 1214 545 1269 ii
553 1215 781 1286 rerientsanglant
793 1216 891 1272 dausla
899 1216 971 1271 main
983 1216 1028 1288 qui
1041 1217 1074 1271 i'a
1087 1215 1171 1272 ianoe,
1184 1236 1197 1270 ι

406 1306 481 1362 diors
494 1306 519 1362 le
532 1305 650 1378 petit-fils
664 1307 697 1362 de
710 1305 789 1363 Neree
800 1306 931 1379 multiplie
946 1323 989 1364 ses
1006 1308 1148 1380 questions.
1169 1308 1323 1381 «Pourquoi

370 1398 461 1457 t’a-t-il
474 1399 516 1455 dte
527 1399 631 1455 donne?
647 1399 710 1455 d'ori
722 1399 839 1456 vient-iii
853 1401 916 1471 quel
929 1406 969 1457 est
981 1403 1093 1459 i'auteur
1104 1401 1138 1457 de
1151 1417 1181 1456 re
1195 1417 1253 1457 rare
1266 1403 1325 1474 prd-

371 1491 450 1549 oent?
463 1511 476 1544 ι
491 1491 600 1564 Ce'phaie
614 1493 721 1548 satisfuit
733 1493 748 1546 i
760 1508 802 1548 ses
815 1491 968 1557 demandes,
984 1492 1049 1548 mais
1057 1493 1082 1548 la
1091 1492 1171 1548 home
1183 1493 1324 1565 l'empdche

370 1584 406 1640 de
415 1583 608 1655 direpourquoi
621 1585 640 1640 il
651 1585 677 1641 le
690 1590 775 1654 requi.
784 1585 817 1640 La
830 1590 906 1656 perte
916 1585 950 1640 de
960 1601 1008 1639 son
1019 1584 1116 1656 epouse
1126 1583 1231 1640 reveille
1242 1599 1277 1640 en
1286 1585 1324 1641 lui

371 1694 410 1734 un
420 1677 582 1733 douloureux
595 1678 717 1733 sourenir
736 1676 782 1750 qui
794 1674 842 1733 'fait
861 1678 949 1732 oouler
960 1693 1002 1732 ses
1023 1677 1135 1758 tarmes:
1151 1698 1163 1730 t
1177 1677 1228 1734 uus
1246 1678 1325 1734 d'une

369 1771 471 1834 deesse,
493 1785 522 1826 ee
537 1769 634 1842 jarelot
653 1771 710 1842 iqui
726 1771 846 1842 pourrait
865 1771 891 1826 ie
912 1769 1015 1826 croire?
1021 1769 1031 1838 i
1046 1785 1090 1826 me
1111 1771 1186 1826 notite
1203 1770 1265 1827 bien
1278 1772 1325 1830 des

369 1863 469 1934 pieurs,
489 1869 517 1920 et
529 1863 548 1918 il
559 1864 632 1918 m'en
643 1865 749 1919 coutera
765 1862 923 1934 iongtemps,
942 1861 965 1916 si
982 1861 1020 1917 les
1035 1861 1138 1918 Bestius
1152 1863 1326 1920 m'aooordent

368 1971 422 2013 une
440 1955 536 2026 longue
545 1955 594 2012 vie.
608 1956 747 2013 llacausd
759 1972 803 2011 ma
815 1961 889 2028 perte
902 1961 929 2011 et
944 1954 1009 2010 celle
1026 1955 1060 2012 de
1071 1971 1135 2012 mon
1148 1957 1255 2028 eponae.
1268 1955 1322 2011 (ihi

368 2048 428 2119 pluit
445 2063 480 2104 au
492 2049 542 2104 oiel
552 2064 604 2120 que
614 2047 642 2120 je
655 2049 759 2105 n'eusse
769 2047 865 2120 iamais
882 2065 946 2118 requ
963 2065 994 2106 oe
1012 2049 1135 2120 present!
1150 2050 1250 2107 Procris
1262 2050 1325 2106 ituit

368 2155 445 2196 soeur
456 2139 993 2214 d'tiritirye.Peut-etreienomdssrithye,
1010 2142 1243 2214 qu'enleraBorde,
1254 2141 1324 2198 a·t·il

367 2234 428 2304 plus
441 2240 552 2291 sourent
561 2233 652 2306 irappe
661 2239 709 2291 ton
720 2235 819 2292 oreille.
839 2234 866 2290 Si
878 2251 913 2291 on
925 2236 963 2292 les
972 2251 1105 2307 compare,
1120 2235 1227 2302 Procris,
1237 2250 1284 2305 par
1295 2250 1324 2289 sn

478 2484 489 2509 ι
500 2468 553 2513 Sum
564 2480 677 2512 nemorum
687 2468 806 2523 studiosus,
819 2469 858 2523 ait,
869 2468 977 2526 credisque
988 2469 1069 2513 serina.
1176 2468 1217 2513 615

476 2538 521 2588 Qua
532 2543 627 2582 tamone
640 2538 693 2582 silva
703 2545 777 2583 teneas
790 2540 869 2583 hastile
880 2540 981 2594 recisum,

476 2609 609 2653 Jumduduur
623 2610 707 2654 dubito.
719 2611 789 2665 Certe,
800 2612 819 2654 si
830 2612 928 2655 fraxinus
937 2619 1002 2665 esset,

475 2679 540 2723 Fuira
552 2681 622 2725 colore
635 2680 703 2734 ioret5
717 2682 736 2725 si
748 2694 836 2735 cornus,
849 2684 920 2727 nodus
931 2684 1020 2728 inesset.

475 2750 536 2795 Unde
546 2750 576 2794 sit
587 2752 672 2808 ignor03
686 2752 724 2796 sod
735 2747 778 2797 non
789 2754 906 2800 formosius
917 2754 959 2800 isto

475 2820 582 2865 Viderunt
593 2820 651 2865 oculi
661 2825 727 2866 telum
737 2822 853 2877 jaculabile
867 2826 944 2870 nostri.
957 2843 966 2865 ι

477 2891 559 2949 Excipit
572 2894 644 2937 actaeis
655 2907 667 2937 e
680 2894 786 2939 fratribus
797 2897 859 2948 alter,
872 2902 909 2940 et:
923 2913 932 2936 ι
945 2896 1012 2941 Usum

476 2963 577 3018 iiaJoreur
588 2964 661 3020 speeie
672 2966 786 3019 mirabere,
802 2967 864 3021 dixit,
877 2968 900 3011 in
912 2968 961 3021 isto,

474 3034 619 3089 Consequitur
630 3034 783 3093 quodcumque
795 3038 858 3092 petit,
871 3036 1003 3094 fortunaque
1012 3038 1104 3081 missum

475 3104 522 3147 idon
534 3105 599 3160 regit,
610 3110 633 3148 et
643 3108 733 3159 revolat,
746 3108 807 3150 nullo
820 3108 937 3162 referente,
953 3115 1098 3159 cruentum·

501 3208 557 3253 'ium
568 3224 619 3256 vero
629 3213 717 3268 juvenis
728 3215 816 3258 nereius
827 3215 900 3259 onmia
912 3216 991 3271 quaerit

475 3282 518 3325 Cur
529 3281 559 3325 sit
569 3289 592 3327 et
603 3282 662 3327 unde
673 3285 760 3328 datum?
773 3286 824 3340 quis
838 3286 892 3328 tanti
905 3287 1003 3330 muneris
1013 3290 1103 3330 auctor?

474 3352 525 3402 Quae
536 3354 598 3408 petit,
613 3353 651 3399 ille
661 3354 736 3399 refert.
748 3356 789 3401 Sed
800 3367 850 3412 qnae
864 3368 953 3399 narrare
964 3357 1040 3413 pudori
1054 3363 1094 3409 ost,
1180 3392 1182 3398 .

474 3424 519 3472 oua
531 3423 606 3469 tulerit
618 3425 723 3478 meroem,
736 3426 798 3480 silet;
811 3432 925 3481 tactusque
937 3427 1010 3471 dolore

474 3494 576 3551 Coniugis
584 3495 675 3549 amisse,
687 3496 787 3554 lacrymis
798 3497 828 3539 itu
841 3496 901 3539 intur
912 3496 993 3540 obortis
1004 3511 1010 3539 :

476 3562 541 3608 «Hoc
554 3579 597 3618 me,
609 3572 660 3610 nate
669 3566 717 3621 dea,
731 3568 781 3623 quis
794 3567 863 3623 possit
872 3567 975 3613 credere?
988 3567 1055 3611 telum

473 3636 534 3681 Flere
545 3638 602 3692 iacit,
615 3638 722 3697 facietque
733 3639 779 3695 diu,
791 3641 811 3683 si
822 3640 896 3685 uiuere
908 3640 971 3684 nobis

473 3705 523 3749 Fata
535 3707 572 3750 diu
584 3707 691 3754 dederint.
704 3710 748 3754 Boe
758 3724 794 3754 me
807 3722 858 3753 eum
871 3711 963 3767 coniuge
973 3721 1021 3753 cum

473 3777 580 3832 Perdidit;
595 3780 636 3823 hoc
647 3781 731 3824 utinam
743 3781 862 3826 caruissem
874 3793 965 3825 munere
979 3784 1073 3838 semper!

472 3846 557 3892 Procris
567 3856 623 3903 erat,
635 3853 654 3893 si
666 3850 721 3894 forte
735 3852 804 3907 magis
816 3853 915 3907 pervenit
927 3850 954 3895 ad
966 3864 1030 3895 aures
1120 3909 1122 3915 Ι

472 3917 566 3976 Orithyia
581 3926 637 3974 tuas,
649 3927 715 3977 rapta:
727 3934 788 3965 soror
799 3922 907 3980 Orithyion.
