3384 4675
302 514 306 522 ’
373 550 419 600 its
695 514 1003 606 unrrnonraosns.

371 665 419 720 ler.
435 665 469 721 Lai
491 667 562 722 Ixion
581 675 674 724 tourne
693 684 740 723 sur
759 685 786 723 sa
804 685 878 733 rone,
894 677 920 725 et
936 677 996 725 tour
1010 671 1025 724 ir
1041 676 1100 726 tour
1112 687 1141 726 se
1160 669 1277 740 poursuit
1290 676 1317 725 et

372 758 523 826 sintela,
539 777 604 831 pour
617 762 687 816 avoir
698 763 742 816 ose
756 763 857 819 donner
868 764 893 816 la
902 769 971 819 mort
982 765 996 818 'a
1009 764 1079 819 leurs
1091 764 1184 835 e'poux,
1200 763 1238 818 les
1251 763 1316 818 filles

372 850 406 906 de
421 851 495 906 Belus
508 854 613 924 puisent
625 854 691 910 l'eau
706 855 752 925 qui
769 856 904 927 s'echappe
923 872 984 911 sans
1002 844 1081 912 cesse.
1099 856 1132 911 La
1150 853 1204 910 lille
1221 855 1253 911 de
1268 855 1316 911 Sa-

371 950 449 999 turne
459 946 516 999 leur
528 945 602 1001 lance
611 947 656 1002 des
665 947 771 1016 regards
785 948 929 1013 tarouches,
944 955 1046 1004 surtout
1062 949 1168 1012 atrion,
1180 953 1207 1002 et
1216 947 1316 1002 ensuite

371 1035 409 1091 les
422 1043 495 1107 porte
507 1046 554 1092 sui·
566 1037 682 1110 Sisyphe.
700 1059 711 1090 r
726 1039 864 1110 Pourquoi,
877 1040 986 1105 dit-elle,
1000 1041 1084 1111 parmi
1097 1039 1231 1110 seswsreres
1244 1039 1317 1094 est-il

286 1138 287 1141 ’
372 1130 427 1185 seul
439 1131 581 1185 condamne
596 1133 656 1187 aun
668 1132 785 1211 supplice
797 1132 904 1197 eteniel,
921 1133 1005 1188 tandis
1017 1150 1069 1203 que
1082 1135 1106 1189 le
1117 1132 1227 1205 superbe
1239 1131 1316 1186 htha-

371 1238 427 1277 mas
441 1223 528 1279 habite
539 1241 577 1278 nn
589 1225 660 1279 riche
669 1225 759 1295 pelais,
770 1225 808 1284 lui
818 1224 864 1295 qui
873 1224 989 1296 toujours
1001 1227 1093 1281 allicha
1103 1226 1138 1281 du
1147 1225 1316 1295 meprispour

371 1315 435 1379 moi,
449 1315 515 1372 ainsi
529 1333 580 1388 qne
593 1333 641 1372 son
655 1317 791 1389 dpouseli
807 1317 844 1372 En
858 1318 946 1373 rneme
958 1325 1042 1390 temps
1052 1319 1201 1389 elleerpose
1212 1319 1237 1373 le
1249 1317 1316 1388 sujet

370 1406 403 1463 de
417 1422 446 1461 sa
457 1407 534 1462 haine
548 1412 574 1469 et
587 1409 620 1463 de
629 1424 676 1463 son
685 1425 788 1480 voyage.
801 1409 855 1464 lille
868 1402 985 1464 annonce
1000 1408 1093 1480 qu'elle
1108 1417 1167 1464 veut
1175 1425 1226 1480 que
1232 1408 1258 1462 le
1269 1424 1315 1478 pa-

370 1499 417 1555 lais
434 1500 467 1555 de
479 1499 591 1557 Cadmus
608 1517 642 1556 ne
658 1509 727 1557 reste
737 1518 783 1572 pas
795 1501 902 1568 debout,
918 1507 944 1556 et
956 1519 1006 1573 quc
1018 1503 1055 1557 les
1068 1502 1130 1557 trois
1138 1517 1225 1556 soeurs
1234 1500 1316 1554 inser-

370 1594 442 1649 mles
456 1595 602 1650 entrainent
620 1594 744 1650 Athamas
757 1612 790 1651 au
808 1595 898 1650 crime.
918 1595 1020 1659 Ordres,
1036 1585 1190 1665 promesses
1205 1593 1312 1665 pridres,

370 1685 420 1741 elle
433 1702 448 1741 a
462 1688 596 1742 recours'a
611 1693 675 1753 tout,
697 1695 724 1743 et
744 1688 852 1744 sollicite
871 1688 999 1742 virement
1015 1678 1055 1742 les
1066 1687 1128 1742 trois
1147 1686 1234 1741 deitas.
1252 1684 1315 1740 Tisi-

370 1779 465 1848 phone,
484 1785 541 1835 tout
560 1779 646 1844 emue,
666 1795 759 1834 seooue
775 1779 843 1834 alors
859 1796 900 1835 ses
922 1780 1035 1836 chereux
1048 1779 1147 1844 blance,
1162 1783 1197 1843 et,
1207 1778 1316 1848 rejetant

369 1885 403 1924 en
418 1872 515 1926 arriere
535 1871 573 1926 les
589 1872 741 1926 couleurres
753 1872 914 1943 suspendues
930 1879 1024 1928 auteur
1040 1873 1072 1927 de
1091 1888 1138 1926 son
1150 1871 1237 1925 sront:
1254 1889 1265 1920 a
1281 1871 1315 1925 lle

369 1963 441 2033 longs
456 1963 582 2028 discours,
595 1963 761 2034 repondelle,
779 1971 839 2019 sont
857 1967 996 2037 superlitas.
1014 1964 1140 2034 Regardez
1158 1980 1202 2019 vos
1217 1964 1315 2018 'ordres

368 2071 471 2110 camme
487 2056 633 2127 accomplis.
650 2053 736 2123 Sortez
749 2056 782 2110 de
800 2063 842 2113 ret
863 2058 955 2113 odieur
968 2059 1074 2130 empire,
1090 2066 1116 2116 et
1128 2061 1190 2116 aller
1201 2061 1315 2131 respirer

369 2165 406 2203 un
417 2147 455 2202 air
465 2148 524 2218 plus
539 2158 597 2218 pur.
610 2167 622 2200 r
644 2181 646 2186 ·

403 2240 489 2294 lunon
511 2256 539 2295 se
561 2239 641 2296 retire
663 2239 852 2312 triomphante.
870 2242 951 2298 hrant
972 2242 1066 2314 qu'elle
1086 2251 1173 2300 rentre
1193 2244 1257 2300 dans
1277 2247 1315 2300 les

345 2342 350 2358 ·
368 2334 452 2399 cieur,
464 2333 555 2394 lasrlle
571 2333 603 2389 de
621 2331 758 2399 Thaumas,
771 2334 828 2402 lris,
847 2335 944 2405 repand
958 2352 1003 2392 sur
1016 2337 1066 2393 elle
1079 2354 1131 2393 une
1145 2354 1193 2394 cau
1210 2339 1315 2393 lustrale

476 2549 573 2594 Volvitur
583 2550 651 2603 lriou,
663 2556 717 2593 etse
729 2550 872 2606 sequiturque
883 2550 990 2606 hagitquo.
1172 2546 1213 2593 too

472 2619 584 2677 Molirique
593 2621 638 2665 suis
649 2621 732 2666 lethum
746 2623 880 2677 patruelibus
892 2635 956 2673 ausae,
1056 2625 1057 2628 ’

473 2692 562 2737 assiduo
575 2698 687 2749 repetunt,
701 2702 756 2748 quas
767 2691 866 2747 perdant,
879 2693 963 2736 Belides
975 2692 1051 2737 undas.

472 2765 528 2815 Quos
539 2777 614 2807 omnes
624 2765 668 2808 acie
682 2772 795 2820 postquam
808 2764 907 2808 Saturnia
923 2769 982 2807 torva

472 2835 537 2887 Vidit,
550 2840 573 2878 et
587 2841 636 2877 ante
647 2848 722 2878 omnes
735 2836 815 2887 lxiona,
828 2847 906 2878 rursus
920 2834 947 2877 ab
961 2834 998 2877 illo

472 2905 574 2961 Sisyphon
587 2904 693 2960 aspiciens
705 2920 711 2947 z
724 2922 734 2944 ι
746 2906 789 2949 Cur
800 2906 835 2947 hic
846 2917 858 2947 e
869 2904 982 2956 fratribus,
995 2904 1075 2959 iuquit,

472 2975 588 3030 Perpetuos
601 2975 682 3029 patitur
696 2973 783 3030 poenas?
795 2975 920 3017 Athamanta
933 2973 1051 3029 superbum

473 3044 537 3101 Regia
550 3046 610 3088 dives
621 3044 692 3096 hahet,
707 3046 746 3100 qui
758 3058 792 3088 me
803 3058 853 3088 cum
865 3044 956 3099 conjuge
967 3055 1050 3098 semper

472 3112 571 3168 Sprevitl
581 3117 597 3152 ι’
604 3120 626 3157 et
638 3115 726 3169 exponit
738 3128 813 3157 causas
823 3114 1011 3169 odiiqueviaiqoe,

472 3184 569 3239 Quidque
579 3184 640 3228 velit.
651 3184 710 3234 Quod
724 3186 795 3237 vellet,
808 3191 861 3238 erat,
875 3198 902 3227 ne
914 3183 972 3239 regia
983 3183 1055 3227 Cadmi

471 3256 547 3306 Staret,
558 3260 580 3298 et
592 3255 614 3297 in
626 3254 711 3298 facinus
723 3256 834 3299 traherent
844 3256 972 3299 Athamanta
985 3266 1076 3297 sorores.

472 3326 596 3380 Imperium,
608 3326 722 3381 promissa,
735 3340 809 3381 preces
822 3326 936 3370 contundit
946 3327 969 3368 iu
981 3338 1058 3377 unum,

470 3396 618 3450 Sollicitatque
628 3396 686 3440 deas.
698 3398 732 3441 Sic
743 3398 788 3440 haec
799 3399 884 3441 lunone
893 3398 973 3450 locuta,

471 3465 587 3521 Tisiphone
597 3479 669 3520 canos,
678 3471 704 3509 ut
717 3473 763 3510 erat
776 3467 870 3519 turbata,
884 3467 972 3522 capillos

450 3576 452 3578 ,
471 3536 542 3589 llorit,
557 3542 579 3579 et
592 3536 702 3579 obstantes
715 3537 792 3588 rejecit
805 3537 833 3580 ab
842 3550 880 3581 ore
892 3536 998 3580 colubras.

471 3607 538 3660 Atque
547 3607 577 3649 ita
590 3622 595 3649 :
610 3608 676 3649 «lton
686 3607 755 3661 longis
764 3620 819 3663 opus
833 3613 866 3650 est
880 3607 1013 3663 amhagibus,
1027 3607 1080 3649 iutit.
1126 3626 1128 3630 ¹
1203 3609 1207 3619 '

471 3673 532 3719 Facta
542 3682 602 3731 puta,
613 3666 755 3732 quaecumque
765 3678 837 3731 jubes.
847 3678 964 3721 luaniahile
976 3690 1065 3733 regnum

472 3747 555 3799 Desere,
568 3753 632 3802 teque
643 3748 700 3791 refer
712 3749 761 3808 coeli
772 3750 867 3792 melioris
881 3749 907 3791 ad
919 3761 1010 3801 auras»

502 3853 557 3895 Laeta
564 3852 625 3895 ‘redit
637 3853 699 3896 luno.
710 3852 778 3902 (luam
787 3853 865 3897 coelum
875 3855 956 3897 intrare
968 3859 1076 3909 ptorantem

476 3918 559 3966 iteratis
571 3921 672 3967 lustravit
684 3924 746 3978 aquis
758 3924 911 3968 Thaumantias
924 3925 969 3967 his.
