3384 4675
734 522 833 572 titan
855 523 879 573 l.
974 514 977 522 ⁸
1234 519 1282 570 tat

332 663 345 696 ι
360 644 480 716 l'empire
492 644 597 707 celeste,
615 657 715 714 ponrru
730 641 824 712 qu'aux
835 641 922 697 enters
935 656 1021 696 aucun
1036 640 1145 696 aliment
1157 640 1220 696 n'ait
1232 655 1281 710 ap·

332 757 345 790 r
360 738 458 809 preche
470 737 503 792 de
517 753 559 791 ses
575 737 669 791 lerres.
685 734 728 790 Tel
738 735 876 791 estl'arret
888 734 934 790 des
944 734 1066 806 Parques.
1080 753 1092 785 r

366 851 378 883 a
391 829 412 883 ll
422 830 469 885 dit.
488 828 562 884 (lenes
575 834 615 884 est
624 828 754 883 decideea
768 844 890 884 ramener
904 844 932 883 sa
944 829 997 884 fille
1008 828 1041 883 de
1051 827 1168 899 l'empire
1180 827 1213 882 de
1224 826 1281 882 Plu·

328 934 390 993 ton;
406 925 473 980 mais
490 925 528 980 les
542 925 643 979 llestins
658 923 695 994 s'y
712 930 849 994 opposent.
868 923 1021 995 Proserpine
1040 923 1107 979 avait
1124 921 1236 978 enfreint
1256 922 1282 976 la

329 1020 365 1076 lei
379 1017 426 1090 qui
437 1017 475 1072 lui
490 1015 636 1071 interdisait
649 1021 720 1070 tonte
732 1016 892 1070 nourriture.
912 1015 950 1069 lln
963 1020 1118 1086 parcourant
1133 1014 1169 1068 les
1181 1013 1282 1082 jardins
1339 1010 1343 1018 ’

330 1111 366 1165 du
378 1109 491 1173 Tartare,
514 1108 563 1162 elle
581 1107 647 1162 avait
664 1107 861 1162 innncemment
879 1106 964 1161 cucilli
982 1123 1035 1162 une
1048 1106 1163 1176 grenade
1181 1121 1227 1160 sur
1244 1123 1281 1160 un

330 1203 408 1259 arbre
423 1201 518 1270 charge
534 1201 567 1255 de
583 1200 671 1266 fruits‚
691 1208 717 1256 et
733 1201 827 1270 mange
844 1205 902 1269 sept
914 1200 1017 1268 graines
1032 1199 1110 1254 tirecs
1128 1199 1160 1252 de
1178 1214 1207 1253 sa
1224 1199 1282 1269 pale

289 1278 291 1284 '
330 1297 432 1351 ecoroe.
455 1292 594 1364 Ascalaphe
615 1295 674 1349 seul
695 1310 728 1348 en
750 1293 816 1348 avait
834 1293 877 1349 ete
894 1293 1002 1348 temoin.
1023 1291 1128 1348 celebre
1144 1293 1228 1362 parmi
1243 1288 1281 1348 lc's

332 1387 466 1459 Nymphes
481 1386 512 1440 de
528 1385 653 1452 literne,
675 1385 787 1456 Orphne,
807 1386 892 1441 aimee
909 1386 942 1441 de
958 1386 1105 1450 l'dchdron,
1126 1383 1164 1440 lui
1184 1385 1280 1449 donna,

333 1481 434 1544 dit-on,
457 1480 482 1533 le
496 1478 559 1550 jour
572 1479 636 1534 dans
649 1495 702 1534 une
719 1485 803 1549 grette
817 1479 933 1534 sombre.
949 1478 969 1532 ll
983 1479 1049 1534 aruit
1063 1494 1098 1532 ru
1118 1476 1281 1548 Proserpine‚

330 1579 366 1637 et,
382 1587 429 1643 par
443 1585 497 1626 unc
510 1571 606 1625 cruelle
625 1571 775 1632 revelation,
799 1572 818 1626 il
838 1573 962 1643 empecha
977 1587 1025 1625 son
1042 1576 1144 1626 retour.
1160 1567 1194 1624 La
1208 1569 1283 1624 reine

330 1667 364 1720 de
375 1653 610 1733 l'llrebeindignee
621 1665 734 1734 changea
745 1667 770 1719 le
779 1665 897 1720 delatcur
912 1680 945 1718 en
959 1665 1047 1719 uiseau
1063 1662 1176 1728 sinistre,
1196 1677 1281 1716 arrosa

330 1773 379 1812 son
391 1756 500 1811 fruntde
509 1756 575 1810 l'eau
586 1757 622 1810 du
632 1755 800 1827 Phlegethon,
813 1763 840 1812 et
852 1757 891 1811 lui
901 1758 986 1811 donna
995 1771 1032 1809 un
1045 1754 1101 1818 bec,
1113 1754 1158 1808 des
1169 1752 1280 1824 plumes,

329 1859 357 1906 et
371 1851 405 1904 de
419 1849 514 1919 grands
529 1865 604 1919 pena.
620 1849 750 1920 llepouille
765 1852 837 1906 desa
851 1849 981 1920 premiere
994 1849 1086 1912 forme,
1098 1847 1128 1902 -il
1140 1863 1168 1903 se
1184 1846 1282 1902 counit

329 1942 420 1998 d'ailes
435 1943 533 1996 sauses.
548 1940 579 1997 Sa
591 1942 644 1997 tete
659 1943 766 2013 grossit,
781 1958 823 1997 ses
836 1943 927 2012 engles
940 1931 1123 2011 s'allongtrent
1140 1946 1167 1996 et
1184 1939 1281 2011 prirent

329 2051 383 2090 une
402 2036 485 2090 forme
499 2035 647 2093 recnurbee.
665 2036 685 2089 Α
701 2035 777 2107 peine
793 2036 911 2107 agitet-il
926 2037 964 2091 les
985 2036 1047 2090 ailes
1060 2051 1222 2106 parasseuses
1235 2035 1280 2106 qni

328 2126 493 2197 remplacent
512 2144 553 2183 ses
563 2127 632 2182 bras.
652 2128 672 2183 ll
690 2129 757 2183 n’est
769 2129 826 2199 plus
838 2129 921 2199 qu'un
936 2111 1022 2184 eiseau
1038 2127 1143 2190 hideux,
1157 2127 1281 2199 prophete

329 2223 364 2276 de
378 2217 509 2284 malhcui,
525 2237 562 2275 un
576 2221 651 2276 triste
665 2222 756 2286 hibou,
776 2237 908 2290 messager
921 2221 954 2276 de
967 2223 1084 2297 funestas
1097 2221 1227 2291 presages.

368 2333 380 2367 a
397 2313 435 2368 liu
446 2313 530 2369 meins
542 2313 682 2385 Ascalapho
691 2320 755 2387 peut
766 2316 878 2386 paraitre
889 2315 961 2370 avoir
972 2314 1066 2370 merite
1080 2330 1118 2369 un
1129 2312 1208 2383 parcil
1220 2312 1282 2366 clid-

440 2476 450 2497 ·
463 2460 517 2514 Lege
531 2466 602 2503 tamen
614 2465 681 2512 certa,
694 2459 712 2502 si
724 2459 796 2502 nullos
805 2458 896 2513 contigit
907 2458 953 2500 illic

440 2548 450 2569 ι
462 2530 501 2573 Ore
512 2531 583 2583 eib0s;
595 2543 645 2573 narn
656 2532 688 2574 sic
700 2531 815 2574 Parcarum
829 2529 910 2572 ioedere
923 2532 1011 2570 cautum
1023 2531 1063 2568 est.
1075 2543 1084 2562 ι

466 2635 476 2658 ι
488 2619 579 2665 Dixerat.
590 2622 615 2663 At
625 2620 695 2663 Cereri
707 2625 791 2662 certum
806 2624 840 2661 est
853 2617 944 2660 educere
956 2620 1036 2658 natam.

439 2690 485 2732 Non
499 2690 528 2732 ita
543 2690 586 2733 lata
599 2691 681 2742 sinunt,
694 2692 797 2744 quoniam
807 2688 892 2743 ieiunia
905 2687 965 2740 virgo

438 2760 541 2813 Solverat,
552 2767 573 2803 et
584 2761 649 2804 cultis
660 2759 712 2802 dum
725 2759 816 2814 simplex
827 2762 885 2801 errat
898 2757 921 2799 in
933 2755 1010 2804 hortis,
1061 2751 1064 2755 ’
1138 2756 1179 2799 535

440 2830 558 2874 Puniceum
567 2842 631 2873 curra
644 2832 780 2885 decerpserat
792 2828 869 2872 arbore
881 2838 977 2883 ponium,

438 2902 570 2957 sumptaque
581 2902 670 2957 pallenti
686 2907 767 2956 septem
780 2900 807 2943 de
821 2899 900 2942 cortice
913 2909 978 2952 granu

439 2969 548 3013 Pmsserat
562 2982 599 3013 ere
611 2983 658 3013 suo.
670 2970 776 3024 Solusque
788 2981 814 3011 en
825 2968 925 3011 omnibus
938 2965 991 3009 illud

439 3039 525 3082 Viderat
537 3040 674 3100 Ascalaphus,
685 3052 750 3094 quern
761 3037 870 3093 quendam
883 3037 962 3080 dicitur
973 3035 1059 3092 Orphne

438 3109 497 3151 lntcr
508 3109 618 3152 avernales
631 3109 688 3151 haud
701 3108 839 3164 ignotissima
854 3108 966 3164 Nymphas,
1139 3101 1179 3143 33⁴⁰

437 3178 467 3221 Ex
478 3181 596 3223 Acheronte
608 3192 648 3222 suo
660 3180 728 3222 turris
740 3179 850 3234 peperisse
865 3178 905 3220 sub
919 3179 995 3221 antris.

438 3250 504 3300 Vidit,
516 3256 538 3292 et
552 3249 631 3292 indicio
645 3250 742 3292 reditum
754 3249 850 3292 crudelis
864 3247 952 3290 ademit.
998 3271 1000 3277 ν

438 3320 544 3375 ingemuit
555 3322 629 3375 regina
642 3320 711 3374 Erebi,
725 3325 847 3374 testemque
861 3319 972 3375 protanam

437 3388 493 3432 Fecit
505 3402 573 3442 avem,
587 3402 730 3445 sparsumque
741 3396 807 3445 caput
820 3386 997 3448 phlegethontide
1006 3388 1091 3445 lympha

472 3467 575 3510 rostrum,
588 3467 608 3501 et
621 3461 714 3515 plumas,
727 3467 748 3503 et
759 3459 850 3515 grandia
861 3458 944 3501 lumina
955 3458 1028 3502 vertit.
1135 3454 1177 3500 ets

440 3529 478 3577 tlle
490 3529 531 3571 sibi
541 3530 626 3573 ablatus
638 3530 704 3573 lulris
717 3531 819 3573 amicitur
832 3531 860 3573 ab
874 3530 923 3581 alis;

438 3598 504 3654 inque
517 3606 582 3654 caput
594 3601 679 3652 crescit,
694 3600 814 3657 longosque
827 3600 945 3642 reflectitur
958 3612 1049 3656 ungues¹

435 3668 515 3722 Vixque
527 3675 599 3712 moret
610 3676 673 3713 natas
686 3684 725 3725 per
737 3671 815 3713 inertia
827 3670 916 3712 brachia
928 3681 1021 3724 pennas;

436 3740 541 3793 Foedaque
555 3740 578 3782 lit
589 3741 691 3793 volucris,
703 3742 789 3785 venturi
802 3741 879 3783 nuntia
891 3739 971 3791 luctus,

436 3810 526 3865 Ignarus
537 3809 602 3862 hubo,
616 3811 688 3853 dirum
703 3810 831 3853 mortalibus
845 3821 918 3852 emen.

464 3912 474 3936 ‹
488 3896 525 3937 llic
537 3904 607 3939 umen
621 3898 700 3940 indicio
713 3910 805 3952 prunam,
818 3897 935 3952 linguaque
945 3897 1013 3941 uideri
