3384 4675
732 579 828 632 tituta
848 579 876 630 X.
937 574 941 582 '
1236 577 1280 627 nit

325 695 414 757 chiris
433 701 479 755 des
495 699 581 764 dieux,
602 703 629 753 et
648 711 690 752 ces
703 697 803 767 vierges
817 694 958 768 coupables
972 694 1037 749 dont
1050 694 1088 750 ies
1104 695 1164 750 teux
1181 695 1282 766 irnpurs

326 795 482 853 nutritorem
499 807 536 847 un
551 789 621 861 juste
638 790 790 846 citatiment.
811 789 844 844 Le
857 788 896 844 roi
914 788 959 844 des
972 789 1118 844 immortels
1129 788 1204 845 hrtlc
1214 788 1283 859 jadis

325 905 396 960 pour
410 889 435 942 le
453 885 580 955 Pterygion
595 883 750 955 Garqrnede.
770 881 875 937 Comme
886 883 904 938 ii
919 870 1054 938 cirer'chait
1064 899 1116 939 une
1128 883 1211 938 torma
1224 883 1283 954 pius

328 980 434 1053 propicc
450 981 465 1034 ‘a
480 994 521 1034 ses
539 993 619 1033 roeux
632 992 683 1048 que
703 977 767 1032 ceile
780 977 844 1031 dont
858 975 876 1030 ii
892 975 955 1030 enit
968 976 1066 1041 rescia,
1084 975 1102 1030 il
1115 975 1168 1045 prit
1181 975 1213 1030 de
1224 976 1281 1047 pre·

328 1074 431 1129 idrenre
445 1072 508 1128 celle
520 1072 554 1127 de
572 1070 678 1126 i'oiseau
696 1070 742 1141 qui
761 1075 824 1141 peut
842 1075 981 1140 portensa
996 1067 1098 1135 ioudre;
1114 1071 1143 1124 et
1159 1069 1281 1135 soudain,

328 1165 436 1221 tendant
456 1165 494 1220 les
516 1165 569 1220 airs
588 1163 622 1219 de
644 1180 687 1219 ses
707 1163 770 1219 ailes
793 1168 968 1234 trompeuses
990 1163 1007 1217 it
1031 1163 1095 1218 rarii
1113 1161 1139 1217 le
1156 1163 1281 1234 petit-iris

329 1257 418 1322 d’iius,
436 1258 481 1329 qui
495 1258 532 1314 tui
552 1265 606 1314 sert
617 1274 711 1313 encore
722 1258 879 1312 d'echanson
892 1256 957 1311 dans
976 1254 1110 1328 l'Oianpe,
1125 1262 1151 1312 et
1164 1272 1238 1313 nerse
1259 1248 1283 1314 ie

330 1357 420 1407 nectar
433 1351 497 1406 dans
509 1367 538 1408 sa
556 1367 645 1423 coupe,
662 1367 696 1406 en
711 1350 782 1419 deptt
799 1349 831 1405 de
847 1349 942 1406 innon.

564 1579 700 1618 urncrnruu
714 1563 901 1618 uirnuonruosi
917 1579 947 1618 uu
962 1577 1047 1618 rtuuu

367 1707 406 1764 ii.
423 1726 435 1759 c
451 1707 481 1764 Et
491 1708 525 1764 toi
538 1708 618 1772 aussi,
631 1707 675 1762 iris
689 1706 840 1778 d'dmyclds
855 1705 956 1762 Piscibus
971 1705 1075 1761 t'aurait
1095 1705 1168 1778 place
1179 1721 1213 1763 au
1224 1707 1282 1775 ciel,

330 1801 354 1857 si
370 1816 408 1856 un
430 1800 577 1872 deplorable
599 1801 685 1872 destin
704 1800 767 1856 ierit
781 1801 888 1872 permis.
904 1800 941 1855 liu
953 1799 1050 1871 moins,
1066 1805 1157 1857 autaut
1170 1799 1235 1872 qu'ii
1246 1809 1285 1859 est

329 1909 364 1949 en
385 1909 432 1948 son
447 1894 565 1966 pouroir‚
579 1893 598 1948 il
612 1899 637 1948 tc
649 1893 715 1949 rend
728 1893 869 1949 immortei.
885 1892 978 1948 Toutes
988 1891 1026 1948 ies
1039 1891 1090 1948 iois
1104 1897 1155 1965 que
1168 1895 1193 1950 ie
1206 1896 1286 1965 prin-

330 1992 418 2057 ternps
442 1987 532 2042 citasse
557 1985 649 2041 l’hirer
672 1993 698 2041 et
720 1987 817 2057 qu'aux
837 1985 955 2040 Poissons
979 1984 1101 2055 piurieux
1126 1987 1237 2044 succede
1260 1989 1285 2046 lo

330 2079 426 2145 Beiier,
445 2086 473 2135 tu
487 2080 572 2136 renais
591 2085 618 2136 et
629 2087 660 2135 tu
672 2079 760 2135 brities
774 2096 821 2135 sur
842 2079 865 2134 ia
882 2078 1003 2135 verdurc.
1017 2077 1075 2133 iton
1086 2079 1148 2151 perc
1167 2087 1213 2138 eut
1232 2099 1285 2140 une

330 2172 424 2228 tendre
436 2171 606 2244 preditection
621 2188 690 2245 pour
703 2173 750 2228 toi.
764 2172 783 2226 n
795 2171 951 2228 abandouna
967 2179 1076 2228 soureut
1092 2172 1212 2245 delphos,
1228 2176 1286 2246 pia-

331 2268 377 2323 cee
395 2282 430 2323 au
448 2273 538 2323 contre
556 2267 593 2323 du
613 2266 720 2330 monde,
744 2281 811 2337 pour
831 2281 904 2321 error
923 2282 982 2337 avec
996 2267 1032 2323 toi
1045 2283 1092 2324 sur
1105 2268 1142 2323 ies
1159 2267 1238 2324 bords
1253 2271 1286 2326 de

331 2359 458 2417 i'Eurotas
478 2367 505 2417 ct
524 2361 589 2416 dans
613 2361 650 2415 les
670 2360 777 2431 charnps
801 2360 834 2415 de
854 2359 954 2431 Sparte,
982 2361 1069 2431 priree
1091 2361 1124 2416 de
1143 2369 1282 2434 remparts.

439 2571 530 2615 iiiiectos
539 2570 636 2626 Superis,
649 2571 824 2627 inconcessisque
836 2570 921 2626 puellas

439 2642 528 2699 ignibus
541 2642 642 2685 attonitas
652 2642 757 2686 meruisse
768 2642 859 2686 libidine
873 2653 966 2698 prauam.

440 2714 483 2758 lieu
494 2713 600 2769 Superum
614 2712 700 2770 phrygii
711 2714 821 2769 quondam
832 2713 959 2769 Ganymedis
968 2724 1041 2757 amoro
1139 2713 1178 2759 tas

439 2786 504 2836 Arsit,
516 2791 539 2827 et
548 2784 662 2827 inventurn
674 2788 707 2826 cst
717 2783 809 2837 aliquid,
822 2784 880 2837 quod
889 2784 972 2840 Jupiter
986 2795 1040 2836 csso,

439 2856 505 2906 Quam
517 2856 574 2911 quod
587 2862 641 2907 erat,
654 2853 736 2898 maliet.
750 2853 897 2914 itutiatarncn
913 2853 966 2899 alito
979 2856 1033 2899 rcrti

439 2925 551 2981 Dignatur,
564 2926 606 2969 nisi
619 2937 668 2981 quae
680 2926 749 2980 possit
759 2937 798 2969 sua
810 2924 902 2967 iuimina
915 2924 979 2969 teuc.

439 2998 480 3040 ttcc
492 3008 560 3049 rnora,
573 3009 676 3054 percusso
688 2995 831 3040 mendacibus
845 3007 895 3039 acre
907 2999 986 3053 pennis

440 3068 524 3123 Abripit
534 3067 622 3121 Iliaden,
637 3070 675 3123 qui
689 3080 748 3111 nuuc
760 3080 848 3123 quoque
860 3068 935 3123 pocula
948 3068 1031 3121 miscet,
1136 3068 1178 3113 itio

440 3138 549 3195 invitaque
561 3138 607 3183 tori
619 3146 693 3183 nectar
704 3139 788 3183 lunone
797 3139 916 3183 ministrat.

603 3330 736 3363 ssidtiii'l'iiiifl
751 3330 772 3363 1!
789 3330 877 3364 FLORE!
896 3330 1015 3365 t'iiititrtttt.

404 3439 439 3484 tv.
468 3456 477 3477 ι
490 3439 519 3483 'ic
530 3451 624 3496 quoquc,
638 3438 752 3497 tchiidc,
766 3439 875 3496 posuisset
885 3441 908 3485 in
920 3441 1001 3485 uthere
1014 3440 1112 3497 i‘iroebus,

440 3506 517 3551 Tristia
526 3507 544 3550 si
555 3508 652 3563 spatium
664 3508 759 3564 ponendi
773 3509 817 3552 iata
832 3508 952 3554 dedissent.

440 3579 485 3629 Qua
498 3577 555 3631 ticet,
568 3585 662 3622 aternus
676 3584 748 3622 tamen
760 3592 795 3633 es;
806 3580 935 3637 quotiesque
948 3582 1035 3637 repetiit

440 3648 595 3702 ternionem,
609 3648 709 3705 Piscique
721 3650 781 3693 Aries
794 3650 891 3694 succedit
904 3662 993 3707 aquoso,
1139 3648 1182 3698 165

440 3718 473 3762 Tu
485 3720 548 3763 toties
559 3720 635 3773 oreris,
650 3721 759 3776 uiridique
771 3721 793 3764 in
805 3722 887 3777 cespite
899 3734 983 3767 vernas.

441 3788 471 3832 'ie
482 3802 544 3833 meus
555 3796 606 3834 ante
616 3792 670 3835 aiios
681 3792 768 3847 genitor
779 3792 862 3846 ditexit,
875 3798 897 3835 et
908 3793 961 3837 orbo

442 3859 467 3904 iu
478 3860 549 3903 medio
559 3862 624 3918 positi
636 3866 753 3907 caruerunt
766 3863 858 3919 praeside
867 3862 950 3920 Delphi,

447 3929 501 3974 itum
514 3932 567 3978 dcus
577 3932 681 3989 Eurotan,
694 3934 881 3995 immunitumque
890 3936 1021 3996 trequentat
1055 3977 1059 3984 .
