3384 4675
418 486 478 589 509ΙΙ
744 522 1049 584 HETHORPHOSES.

419 654 503 711 danus
515 651 626 718 elevent,
636 650 737 717 dit-on,
752 651 778 705 la
791 649 853 705 ville
871 648 904 705 de
922 648 1014 713 Rome,
1033 652 1060 703 et
1072 646 1171 719 jettent
1182 663 1233 705 sur
1244 648 1284 705 ies
1293 649 1369 707 torus

420 747 456 801 du
469 744 555 810 Tibre,
574 743 621 816 qui
630 743 743 800 descend
757 743 790 798 de
807 742 957 815 l'dpennim
972 740 1010 797 ies
1026 745 1110 797 vastes
1123 739 1294 799 sondements
1311 742 1370 799 d'un

421 838 504 911 grand
517 837 626 909 empire.
644 836 691 892 lies
704 833 865 891 revolutions
879 850 913 890 en
926 835 1075 891 recuteront
1085 833 1125 890 les
1136 832 1257 901 timitem
1271 836 1320 893 elie
1330 836 1371 891 de·

418 931 525 988 viendrs
537 945 574 986 un
582 928 675 1001 jourle
684 928 793 1000 capitote
803 928 835 983 de
846 927 979 983 I’univers.
998 926 1080 983 Telies
1098 927 1207 984 soutles
1220 928 1370 1001 prddict'nns

419 1021 571 1079 deodevino
588 1026 615 1077 et
629 1022 668 1078 ies
683 1021 767 1077 urreis
783 1021 819 1077 du
838 1020 907 1077 sort.
926 1020 955 1076 te
971 1021 1044 1077 m'en
1062 1020 1194 1087 muniens,
1210 1020 1328 1093 iureque,
1340 1037 1370 1077 eu

420 1121 512 1188 repent
523 1114 597 1170 Troie
608 1113 754 1181 ohanoeier,
767 1100 836 1170 dude
851 1114 945 1170 versam
957 1114 1004 1170 des
1015 1114 1110 1171 larmes
1120 1120 1148 1170 et
1161 1113 1265 1171 doutait
1278 1115 1312 1170 de
1328 1130 1370 1171 son

421 1208 498 1273 salui,
520 1206 632 1262 Helenus
650 1206 688 1262 lui
707 1207 778 1277 paria
797 1221 832 1262 en
849 1222 893 1263 ces
912 1214 1010 1263 termes
1034 1227 1040 1261 :
1062 1227 1074 1261 u
1094 1206 1147 1262 aits
1169 1206 1253 1263 d’une
1274 1206 1370 1271 deesse

424 1321 436 1355 u
453 1302 553 1365 dcoute,
570 1300 592 1355 si
609 1305 638 1354 tu
654 1315 682 1354 as
698 1299 734 1354 soi
750 1314 784 1353 en
796 1314 855 1355 mes
868 1299 1037 1371 predictions3
1055 1305 1085 1355 tu
1098 1298 1191 1365 durus,
1209 1306 1238 1357 et
1252 1299 1327 1356 Trois
1340 1316 1372 1355 ne

404 1428 408 1436 ·
425 1413 437 1445 ι
452 1392 540 1465 perire
552 1408 598 1464 pas
611 1397 668 1448 tout
678 1392 789 1448 entidre.
805 1391 839 1446 La
856 1392 964 1448 flamme
979 1391 1039 1449 etde
1047 1392 1087 1447 ier
1095 1390 1255 1448 t'ounriront
1264 1409 1302 1449 un
1313 1409 1372 1465 pas·

424 1504 436 1537 ι
453 1499 523 1556 suge.
535 1482 572 1538 Tu
582 1489 744 1556 emporteras
752 1485 791 1541 ies
798 1491 882 1542 restes
895 1486 929 1541 de
941 1486 1066 1557 Pergame
1077 1502 1125 1543 sur
1132 1502 1186 1543 une
1196 1486 1274 1559 plage
1284 1488 1373 1543 etron-

424 1599 436 1632 ι
452 1579 523 1649 gere,
533 1579 591 1649 pius
600 1578 668 1632 amie
677 1579 723 1633 des
731 1577 842 1650 'lingens
852 1582 878 1633 et
889 1579 922 1634 de
930 1578 967 1634 toi
978 1595 1030 1650 que
1039 1586 1064 1635 ta
1074 1594 1169 1651 propre
1178 1580 1273 1651 patrie.
1285 1580 1314 1636 de
1321 1581 1374 1635 uois

425 1689 437 1721 ι
452 1669 508 1742 dej'a
517 1670 555 1726 les
565 1669 708 1742 Phrygiens
717 1670 811 1727 fonder
823 1686 877 1727 nne
889 1671 949 1727 ville
958 1670 1018 1743 pius
1029 1672 1127 1742 grande
1138 1687 1192 1743 que
1202 1676 1290 1729 tontes
1300 1673 1374 1729 odies

425 1780 437 1812 ι
454 1760 501 1832 qui
513 1761 633 1827 existent,
644 1777 679 1818 ou
693 1761 739 1833 qui
749 1761 840 1818 iurent
845 1762 925 1834 judis,
935 1779 970 1820 ou
981 1762 1026 1834 qui
1041 1769 1130 1820 serent
1142 1780 1179 1819 uu
1188 1756 1373 1835 jour.'i)urant

423 1872 435 1905 ι
454 1867 507 1907 une
519 1853 615 1924 longue
624 1852 692 1908 suite
703 1852 737 1908 de
748 1853 850 1919 sidetes,
866 1869 908 1909 ses
923 1855 982 1925 ptus
993 1854 1110 1910 illustres
1123 1855 1228 1912 entonis
1242 1855 1375 1913 diereront

423 1965 436 1998 e
450 1945 560 2001 i’ediiioe
576 1947 609 2000 de
622 1961 651 2001 sa
660 1945 806 2018 putescum,
817 1951 844 2001 et
853 1962 890 2002 un
901 1945 1002 2017 reieton
1011 1946 1092 2002 d'1uie
1105 1962 1141 2002 en
1149 1946 1205 2002 iera
1217 1947 1243 2003 io
1253 1948 1331 2004 reine
1341 1948 1374 2004 du

424 2059 436 2091 ι
447 2039 556 2093 monde.
568 2037 659 2100 Quand
670 2039 697 2092 la
706 2041 775 2093 terre
786 2054 849 2094 aura
859 2038 916 2113 joui
927 2039 961 2095 de
972 2055 1013 2096 ses
1025 2039 1155 2106 bienniis,
1168 2040 1188 2095 it
1196 2046 1304 2101 entrera
1312 2041 1374 2096 dans

423 2152 435 2184 e
450 2119 575 2203 ie'sdjour
588 2130 634 2186 des
648 2130 735 2197 dieux,
750 2135 777 2187 et
793 2132 817 2188 le
831 2132 880 2187 ciel
891 2149 949 2189 sera
967 2148 996 2190 sa
1012 2135 1134 2191 demeure
1150 2136 1285 2206 supreme.
1303 2154 1316 2187 s
1331 2134 1374 2189 t'ai

421 2230 513 2283 retenu
525 2239 568 2279 ees
582 2224 683 2295 paroles
693 2222 844 2296 qu'adressa
856 2224 880 2281 le
888 2225 930 2281 fiis
941 2226 975 2282 de
986 2225 1070 2283 Priam
1082 2226 1097 2281 a
1108 2212 1178 2281 Eride
1189 2226 1314 2297 lorsqu’ii
1328 2227 1376 2282 s’i·

419 2315 524 2387 inignait
536 2315 569 2373 de
578 2315 653 2373 'droie
661 2333 723 2374 arec
734 2333 775 2374 ses
784 2317 903 2390 penates.
917 2316 946 2376 ie
959 2334 1003 2375 me
1011 2317 1106 2391 rejouis
1118 2317 1152 2375 de
1165 2319 1225 2375 uuir
1235 2319 1324 2390 surgir
1336 2333 1375 2374 ces

523 2506 584 2549 d'unc
596 2519 681 2562 quoquc
695 2507 821 2551 dardaniam
833 2516 888 2553 remu
901 2514 934 2551 est
946 2521 1075 2565 consurgere
1087 2510 1186 2561 Romomg

523 2578 705 2633 Appenninigenae
719 2590 767 2633 qun
779 2579 875 2634 proxima
887 2579 981 2623 Tibridis
995 2579 1059 2624 undis

524 2646 578 2690 tiore
592 2648 632 2689 sub
643 2648 725 2702 ingenti
738 2660 811 2691 rerum
822 2648 949 2692 fundamina
961 2650 1030 2705 ponit.

522 2716 572 2760 nec
582 2718 651 2771 igitur
661 2718 753 2760 sormam
764 2720 881 2762 crescendo
893 2725 970 2769 mutat,
983 2726 1005 2763 et
1018 2721 1071 2764 olim

522 2786 625 2830 Immeusi
636 2793 701 2843 eaput
714 2788 772 2831 orbis
785 2790 835 2831 erit.
847 2790 881 2833 Sic
893 2790 965 2833 dicere
975 2798 1042 2844 vatos,
1224 2788 1269 2837 t55

521 2855 671 2913 Faticinasque
683 2857 757 2900 terunt
768 2865 845 2903 sortes.
859 2860 1011 2915 Quantumque
1020 2862 1126 2914 recordor,

522 2926 639 2970 Priamides
649 2926 743 2970 Helenus
756 2926 824 2980 denti,
837 2927 946 2985 dubioque
958 2930 1044 2982 salutis,

522 2996 605 3040 dixerat
616 2998 692 3051 AEueae,
704 3010 773 3053 quum
785 3011 820 3042 res
833 3001 917 3055 troiana
929 3000 1026 3045 laboret:

524 3084 534 3106 ι
548 3068 602 3111 Nate
615 3068 661 3121 dea,
675 3069 693 3111 si
705 3075 756 3111 nota
768 3071 821 3113 satis
832 3072 937 3127 praesagia
952 3079 1031 3114 nostru

524 3130 624 3181 clientis
638 3139 715 3192 nubem
731 3152 774 3182 non
788 3146 832 3184 tota
846 3142 915 3192 cadet,
929 3146 950 3184 te
962 3142 1049 3197 sospite,
1064 3141 1136 3197 Troia.
1223 3142 1269 3189 420

523 3223 534 3247 ι
549 3208 643 3251 flamma
654 3210 694 3253 tibi
709 3210 835 3267 ferrumque
847 3212 930 3255 dabunt
941 3213 990 3256 iter.
1002 3213 1054 3263 ibis,
1067 3220 1089 3256 et
1101 3224 1144 3255 unu

522 3295 533 3319 ι
548 3278 648 3335 Pergama
661 3288 723 3336 rupta
735 3281 799 3334 feres,
811 3283 880 3327 donoc
891 3284 1001 3339 Troiaque
1014 3284 1094 3340 tibique

523 3366 533 3387 «ι
546 3349 664 3393 Externum
675 3353 746 3407 patrio
756 3353 866 3408 contingat
878 3354 970 3397 amicius
980 3366 1065 3398 arrum.

523 3436 534 3460 ι
548 3420 625 3463 Urbem
636 3426 658 3463 et
667 3422 713 3476 iam
724 3434 789 3476 gerno
801 3424 903 3479 phrygios
917 3423 996 3468 debere
1008 3429 1104 3481 nepotes,

523 3508 533 3531 ι
547 3492 629 3541 Quanta
642 3500 733 3546 nonest,
747 3507 785 3537 nec
799 3496 847 3547 crit,
861 3508 900 3538 nec
912 3496 958 3539 visa
972 3496 1082 3552 prioribus
1091 3497 1162 3539 annis.
1224 3498 1269 3544 tto

523 3576 533 3597 ι
547 3559 605 3603 Hunc
617 3562 653 3605 alii
665 3576 765 3619 proceres
776 3577 814 3619 pcr
825 3566 905 3608 sucula
915 3566 979 3622 ionga
991 3573 1111 3622 potentem,

522 3645 532 3668 ι
546 3630 585 3673 Sed
599 3632 708 3676 dominam
720 3646 793 3677 rerum
806 3635 832 3678 de
844 3635 951 3691 sanguine
965 3643 1031 3680 natus
1042 3636 1082 3680 ruti

521 3715 532 3739 ι
545 3699 634 3744 liiiiciet.
644 3703 697 3756 Quo,
709 3716 778 3760 quum
790 3706 856 3749 telius
870 3707 912 3749 erit
923 3718 971 3759 usa,
984 3707 1085 3750 fruentur

521 3786 532 3810 ι
544 3769 643 3814 AEtheriae
653 3772 722 3827 sedes,
735 3776 858 3831 oculumque
869 3777 911 3820 erit
920 3778 991 3820 exitus
1003 3777 1044 3821 illi.
1056 3793 1067 3816 ι

519 3838 567 3884 iiaeo
579 3839 685 3884 Helenum
698 3844 802 3888 cecinisse
814 3846 940 3902 penatigero
954 3847 1032 3899 AEneae,
1220 3846 1265 3892 ⁴50

520 3908 589 3952 itente
600 3922 684 3955 mentor
694 3912 772 3969 refero,
784 3922 919 3974 cognatoque
933 3918 1012 3963 moenia
1026 3918 1086 3962 tutor
