3384 4675
713 562 810 612 iltuit
829 560 905 612 lilii.
1233 558 1279 611 505

326 677 395 734 Poar
404 678 508 735 dernier
524 680 665 750 hommage
678 683 708 734 tu
720 694 796 734 auras
808 677 847 733 ies
866 678 962 734 larmes
973 679 1005 733 de
1016 683 1042 733 ta
1053 679 1126 734 mire
1138 683 1165 735 et
1177 695 1214 734 un
1228 697 1280 751 peu

326 768 362 825 de
381 771 454 827 sabio
478 771 608 842 etranger.
630 771 698 827 Nous
717 787 797 839 avons
816 775 873 826 tout
891 754 982 843 perdo.
1005 771 1033 826 le
1053 771 1105 827 n'ai
1125 771 1192 843 plus,
1214 789 1281 843 pour

328 862 440 919 m'aider
448 864 462 918 'a
471 870 612 936 supporter
625 863 650 919 le
662 881 715 936 peu
728 863 760 918 de
773 862 849 934 jours
861 880 913 935 que
923 863 969 935 j'ai
977 868 1072 921 eniore
1081 865 1095 919 ia
1105 863 1184 930 vivre,
1199 865 1281 935 qu'un

327 955 371 1010 fils
384 952 445 1014 bien
457 955 520 1010 cher
533 956 549 1017 a
564 972 593 1012 sa
606 956 689 1020 mere,
707 955 732 1012 le
745 957 801 1012 seul
816 955 862 1028 qui
874 971 918 1012 me
931 962 1009 1021 reste,
1024 957 1156 1027 Polydore,
1173 956 1282 1011 commis

330 1049 346 1104 a
359 1046 466 1103 l'amitie
477 1047 514 1105 du
525 1049 565 1104 roi
579 1050 611 1105 de
625 1048 731 1104 Thrace.
745 1047 806 1104 ilais
818 1050 948 1122 pourquoi
965 1055 1021 1105 lant
1032 1050 1120 1119 tarder
1133 1050 1148 1105 ‘a
1160 1049 1230 1104 laver
1245 1049 1282 1104 les

329 1140 440 1197 eruelies
451 1141 583 1199 hlessures
596 1142 629 1197 de
642 1142 777 1212 Polyxene,
787 1148 814 1197 et
825 1159 854 1198 sa
869 1143 951 1214 ligure
965 1142 1047 1214 qn'un
1060 1141 1169 1199 barbare
1180 1140 1282 1198 asouil·

329 1233 370 1290 lde
382 1233 415 1289 de
428 1233 537 1304 sangi»
1036 1213 1043 1229 ’

366 1326 422 1382 lille
433 1326 481 1391 dit,
496 1333 533 1393 et,
546 1328 681 1383 arraohenl
697 1343 739 1383 ses
751 1328 864 1384 chereas
882 1328 979 1395 blanos,
999 1329 1175 1385 eiles'aranoe
1189 1327 1284 1385 versia
1330 1346 1332 1349 ·

330 1436 389 1476 mer
399 1418 463 1474 d'un
475 1435 521 1491 pas
532 1420 624 1477 ralenti
637 1436 684 1492 par
698 1420 783 1491 l'alge:
800 1441 811 1472 a
824 1419 981 1494 Troyennes,
995 1423 1102 1489 dil-elle,
1120 1421 1285 1479 donnez·moi

331 1530 384 1570 une
399 1531 501 1571 urae.»
523 1513 700 1569 i'iniortunee
719 1514 870 1586 s'appretait
882 1516 897 1570 ia
909 1503 998 1586 puiser
1018 1533 1070 1572 une
1084 1518 1151 1572 onde
1167 1516 1284 1588 limpide,

331 1607 420 1678 quand
433 1607 482 1663 elie
494 1606 531 1662 vit
543 1605 669 1678 Polydore
683 1606 779 1663 dtendu
793 1607 873 1662 surie
882 1607 968 1680 rivage
982 1615 1008 1682 et
1022 1615 1128 1665 oouvert
1140 1609 1186 1665 des
1201 1608 1286 1679 larges

332 1699 463 1756 blessures
476 1715 528 1770 que
541 1699 580 1754 lui
594 1699 661 1754 avait
675 1699 750 1754 laites
761 1698 929 1770 Polymestor.
942 1698 993 1755 ies.
1001 1699 1146 1772 iroyennes
1164 1706 1287 1772 poussent

333 1807 371 1846 un
383 1790 434 1856 cri;
453 1789 554 1845 lieenbe
568 1797 638 1846 reste
651 1795 761 1847 muette.
774 1791 807 1847 La
818 1792 929 1847 douleur
941 1791 1038 1847 dtoulie
1051 1792 1149 1848 savoia
1163 1797 1188 1848 et
1200 1793 1287 1848 amete

334 1899 370 1939 en
381 1883 469 1937 meme
482 1889 566 1953 temps
577 1899 619 1938 ses
629 1882 733 1939 iarmes.
746 1883 885 1941 immobile
896 1889 923 1940 et
935 1885 996 1940 telle
1005 1884 1087 1956 qu'un
1098 1886 1192 1941 mehor
1202 1883 1287 1940 insen·

333 1973 410 2041 sible,
420 1976 504 2030 tantot
517 1973 567 2031 elie
582 1976 633 2030 lixo
645 1991 686 2031 ses
697 1992 765 2048 yeux
777 1993 823 2032 sur
831 1982 898 2034 cette
908 1980 978 2032 terre
990 1978 1120 2044 ennemie,
1137 1978 1222 2033 tantot
1239 1978 1289 2033 elle
1353 2004 1355 2009 v

334 2067 409 2122 lanae
416 2067 461 2124 des
469 2068 574 2138 regards
583 2069 720 2124 larouches
732 2085 792 2125 vers
803 2070 828 2126 le
840 2068 898 2125 ciel.
914 2068 969 2125 lille
981 2071 1128 2141 contempla
1137 2071 1219 2126 toura
1230 2077 1289 2126 tour

335 2163 362 2219 le
372 2162 458 2232 visage
469 2169 495 2218 et
503 2162 680 2220 ieshlessures
692 2164 725 2219 de
735 2163 860 2234 Polydore
871 2163 967 2219 etendu
979 2179 1039 2219 sans
1047 2162 1097 2230 vie,
1109 2162 1175 2217 mais
1187 2169 1290 2219 surtout

308 2309 312 2315 ,
336 2271 381 2310 ses
391 2253 533 2311 blessures.
548 2254 580 2310 Sa
587 2255 679 2310 iureur
692 2255 788 2311 s'irrite
799 2262 826 2312 et
836 2255 1009 2312 s’enllamme.
1020 2255 1109 2318 Quand
1118 2255 1169 2310 elle
1180 2260 1218 2311 est
1225 2255 1290 2310 arri-

337 2350 382 2406 vee
391 2350 406 2407 ‘a
416 2366 465 2407 sou
475 2350 588 2416 comble,
600 2361 702 2407 comme·
713 2350 735 2407 si
746 2351 796 2406 elie
808 2350 872 2406 etait
884 2350 1001 2423 tonjours
1014 2351 1097 2417 reme,
1107 2351 1155 2407 elle
1167 2351 1254 2406 errdte
1262 2365 1289 2405 sa

366 2565 369 2572 ·
445 2542 574 2601 Contingent
587 2541 659 2594 lictus,
671 2544 832 2600 peregrinaeque
846 2544 938 2587 haustus
950 2556 1028 2589 arena.

446 2616 520 2658 Omnia
535 2606 677 2669 perdidimus.
691 2615 801 2670 Superest,
810 2627 849 2657 eur
861 2614 932 2657 vivere
946 2620 1033 2667 tempus

447 2685 471 2728 ln
482 2684 546 2729 breve
557 2684 686 2735 sustineam,
699 2685 770 2739 proles
783 2683 906 2740 gratissima
918 2683 991 2733 matri,

447 2756 508 2799 lione
519 2756 586 2808 solus,
601 2756 711 2810 quondam
724 2756 829 2799 minimus
841 2755 868 2799 de
877 2754 946 2811 stirpe
958 2753 1023 2807 virili,

448 2826 489 2869 lias
501 2827 566 2870 datus
579 2827 666 2870 ismario
680 2827 725 2881 regi
737 2826 853 2882 Polydorus
867 2827 890 2870 in
904 2838 960 2869 oras.
1147 2822 1188 2869 530

449 2896 502 2945 Quid
515 2908 587 2939 moror
601 2896 684 2940 interea
698 2896 791 2940 crudelia
804 2897 894 2940 vulnera
907 2894 999 2953 lymphis

449 2965 547 3019 Abluere,
560 2972 582 3010 ot
593 2979 678 3023 sparsos
690 2968 769 3010 immiti
781 2968 888 3023 sanguine
902 2966 987 3011 vultus?
999 2982 1010 3007 ι
1025 2978 1026 2981 ’

475 3053 537 3107 Dixit,
553 3060 576 3098 et
588 3054 616 3114 ad
627 3054 690 3097 littus
702 3067 766 3109 passu
778 3056 877 3110 procedit
888 3056 949 3108 anili,

448 3124 549 3167 libentes
561 3124 641 3167 laniata
655 3136 740 3169 comas:
754 3142 765 3165 ι
777 3125 836 3175 Date,
850 3125 952 3178 Troades,
964 3136 1069 3178 urnam»

448 3194 531 3238 uixerat
544 3196 626 3248 infelix,
639 3195 731 3249 liquidas
745 3196 844 3239 hauriret
859 3203 884 3238 ut
895 3197 972 3239 undas.
1147 3191 1188 3235 555

448 3268 535 3321 Aspicit,
549 3267 642 3321 ejectum
653 3266 750 3324 Polydori
763 3266 786 3309 in
799 3266 873 3309 littore
885 3280 972 3323 eorpus,

449 3337 553 3394 Factaque
567 3339 664 3382 ‘vhreiciis
673 3338 769 3394 ingentia
783 3339 873 3382 vulnera
889 3339 945 3383 telis.

450 3408 543 3453 Troades
556 3409 683 3452 exclamant.
698 3408 812 3451 obmutuit
826 3406 863 3451 illa
877 3408 957 3462 dolore,

450 3480 476 3523 Et
489 3481 569 3536 pariter
582 3493 663 3526 vocem.
676 3479 824 3535 lacrymasque
839 3480 947 3531 introrsus
958 3480 1045 3523 obortas
1058 3480 1061 3487 '

451 3551 541 3595 liororat
550 3553 595 3608 ipse
606 3550 679 3617 dolorb
692 3551 790 3606 duroque
801 3548 911 3594 simillima
924 3564 973 3595 saxo
1151 3546 1192 3594 540

451 3623 535 3680 Torpot,
548 3630 570 3667 et
582 3624 670 3667 adversa
682 3621 729 3677 iigit
741 3621 804 3665 modo
816 3621 900 3664 lumina
912 3627 977 3673 terra;

452 3691 560 3736 interdum
575 3699 645 3736 torvos
657 3692 753 3735 sustollit
765 3693 791 3735 ad
806 3692 887 3735 aethera
901 3691 985 3743 vultus;

438 3764 512 3820 ¹linne
525 3764 588 3819 positi
600 3769 682 3819 spectat
693 3764 786 3815 vultum,
800 3775 859 3805 nuno
870 3762 960 3806 vulnera
972 3764 1024 3817 nati,

452 3835 545 3880 Vulnera
557 3836 672 3893 praecipue,
685 3848 752 3891 seque
764 3841 834 3878 armat
849 3842 870 3878 et
883 3835 974 3880 instruit
985 3838 1025 3881 ira.

452 3908 497 3955 Quo
510 3905 576 3950 simul
588 3908 676 3959 exarsit,
692 3910 793 3961 tanquam
807 3906 881 3961 regina
894 3911 997 3961 maneret,
1151 3904 1192 3949 oto
1250 3928 1251 3932 =

453 3974 529 4019 Ulcisei
540 3976 624 4030 statuit,
635 3988 747 4032 plenaque
755 3976 778 4019 in
790 3975 885 4032 imagine
897 3981 939 4020 toto
953 3981 994 4021 est.

1080 4041 1113 4093 to
