3384 4675
342 474 344 478 ⁵
405 514 451 568 158
729 515 1037 569 unrauournosns.

405 631 450 686 des
463 636 581 698 coteaux,
602 647 629 687 sa
645 631 735 686 tetela
753 632 820 686 cime
839 630 876 685 du
896 637 979 696 moni,
998 647 1040 686 ses
1053 647 1083 687 os
1101 631 1146 686 des
1158 631 1270 702 pierres3
1285 633 1357 686 enfin

405 729 461 779 tout
485 739 532 778 son
554 740 628 794 corps
648 724 730 795 prend
756 740 795 779 un
818 725 947 778 immense
975 725 1190 788 accroissemcnt,
1219 727 1246 778 et
1265 724 1288 778 le
1309 723 1356 778 ciel
1404 791 1406 794 ι

404 812 501 885 (dicun,
522 830 586 870 vous
604 815 681 870 l'arez
693 816 759 870 ainsi
773 816 862 887 voulu)
881 832 974 886 reposo
988 833 1033 872 sur
1047 816 1084 871 lui
1099 832 1158 871 avec
1170 832 1211 870 ses
1225 815 1355 886 myriades

404 906 528 963 d'etoiles.

685 1054 776 1109 nansia
798 1052 900 1106 ricavus
919 1054 1069 1106 nuuuouiuu.
1137 1112 1145 1130 β

429 1184 469 1238 rV.
485 1171 546 1240 Eole
557 1184 622 1239 avait
634 1183 765 1239 renierme
779 1183 816 1238 les
828 1189 903 1238 rents
916 1184 980 1238 dans
999 1183 1056 1238 leur
1074 1184 1163 1254 prison
1172 1179 1311 1248 'eternelle
1330 1192 1357 1241 et

405 1278 514 1342 Lucifer,
531 1277 581 1348 'qui
597 1276 695 1348 appelle
711 1278 749 1332 les
768 1277 888 1331 hommes
907 1291 940 1331 au
961 1276 1060 1340 travail,
1082 1275 1181 1332 brillait
1198 1293 1231 1331 au
1253 1275 1301 1330 ciel
1321 1276 1358 1332 du

344 1347 352 1361 ¹
405 1371 465 1440 ptus
477 1369 514 1424 rii
523 1370 598 1424 eolat.
615 1370 706 1425 Perseo
724 1369 835 1441 repreud
849 1385 890 1424 ses
905 1369 967 1424 ailes
979 1375 1005 1425 et
1019 1369 1056 1424 ies
1070 1371 1169 1425 attache
1183 1369 1199 1423 a
1214 1384 1256 1424 ses
1268 1367 1354 1439 pieds.

404 1462 425 1517 11
447 1463 540 1518 s'armc
564 1462 628 1517 d'un
653 1463 736 1538 glaive
761 1462 895 1528 reoourbe,
917 1469 944 1517 et
968 1462 1028 1517 send
1053 1462 1116 1517 d'un
1138 1463 1179 1516 voi
1205 1461 1294 1531 rapide
1318 1461 1357 1514 les

404 1554 503 1627 plaiues
516 1556 548 1610 de
560 1555 627 1610 l'air.
642 1555 662 1609 11
674 1554 776 1626 neglige
791 1561 885 1610 auteur
898 1555 929 1609 de
945 1555 983 1610 lui
997 1561 1023 1610 et
1032 1555 1192 1609 -au-dessous
1209 1554 1240 1608 de
1260 1553 1296 1607 lui
1310 1552 1356 1606 des

403 1662 465 1718 pays
479 1646 622 1702 immenses
635 1663 702 1718 pour
722 1649 789 1703 finer
803 1663 844 1703 ses
858 1647 962 1717 regards
976 1664 1022 1701 sur
1040 1646 1078 1702 les
1092 1646 1200 1717 peupIes
1213 1632 1356 1714 d'A'lthiopie

326 1753 330 1757 ·
359 1812 361 1815 Υ
405 1744 432 1794 et
444 1739 481 1794 les
501 1739 608 1808 champs
621 1738 654 1792 de
667 1737 775 1810 Cephea.
791 1737 824 1792 La
845 1738 1003 1794 l'innoccnte
1018 1737 1191 1802 Andromede,
1216 1752 1262 1806 par
1280 1735 1356 1791 ordre

406 1832 442 1886 du
458 1830 531 1886 cruet
550 1831 671 1895 Ammon,
695 1831 792 1902 expiait
806 1832 830 1886 le
849 1831 971 1889 vaniteux
988 1831 1095 1900 langage
1114 1830 1146 1884 de
1166 1844 1194 1883 sa
1216 1829 1298 1884 mere.
1319 1827 1357 1882 En

405 1929 498 1994 repant
512 1939 553 1978 ses
566 1924 650 1979 mains
661 1924 790 1980 attachees
803 1925 818 1979 a
831 1941 870 1980 un
883 1924 977 1980 rocher
990 1939 1107 1992 sauuage,
1130 1922 1152 1978 si
1165 1938 1219 1978 une
1232 1921 1302 1976 brise
1317 1921 1358 1975 le-

405 2015 466 2083 gere
478 2015 550 2069 n'erit
561 2016 629 2083 agite
642 2031 682 2070 ses
694 2015 823 2078 cheveux,
833 2016 854 2069 si
868 2016 912 2071 des
927 2017 1023 2071 tarmes
1034 2017 1168 2071 n'eussent
1183 1984 1257 2071 conse
1271 2014 1358 2069 deses

403 2107 538 2177 paupieres
552 2108 732 2173 tremblantes,
756 2109 845 2165 Persee
864 2110 965 2165 l'aurait
979 2110 1134 2187 prisepour
1152 2124 1204 2163 une
1222 2113 1307 2163 statue
1325 2108 1358 2163 de

404 2199 517 2255 marbre.
532 2200 551 2254 A
567 2215 615 2254 son
625 2200 697 2264 insu,
711 2217 750 2256 uu
762 2201 805 2256 ieu
820 2201 930 2257 suudain
943 2201 1089 2256 l'embrase.
1103 2200 1123 2254 11
1132 2206 1200 2255 reste
1212 2198 1356 2264 immobile,

405 2282 442 2362 et,
454 2292 508 2348 rari
520 2292 553 2348 de
567 2298 622 2348 tant
634 2292 667 2348 de
678 2292 808 2357 charmes,
830 2294 849 2349 ii
862 2294 950 2351 oublie
961 2309 1074 2366 presque
1082 2293 1115 2349 de
1127 2291 1211 2348 battre
1225 2291 1270 2346 des
1283 2290 1356 2345 ailes.

510 2466 568 2515 Quod
581 2471 645 2521 caput
658 2471 708 2509 ante
720 2466 770 2515 fuit,
783 2478 868 2508 summo
880 2471 912 2508 est
924 2466 947 2508 in
959 2470 1034 2507 monte
1044 2476 1160 2515 cacumen;

446 2551 455 2573 ι
510 2532 560 2574 Ossa
571 2532 626 2588 iupis
638 2534 701 2576 siunt.
714 2534 768 2575 Tum
782 2538 854 2588 paries
865 2538 942 2575 auctus
954 2533 977 2574 in
988 2544 1071 2583 omnes,

455 2618 464 2648 u
510 2604 582 2646 Crevit
593 2605 617 2647 iu
631 2604 762 2648 immensum
775 2606 822 2659 (sic,
834 2604 864 2654 di,
877 2604 1000 2659 statuistis),
1014 2610 1036 2646 ei
1047 2615 1110 2645 omne
1212 2601 1251 2646 6611

464 2687 472 2705 ·
510 2676 563 2720 Cum
577 2682 610 2719 tot
621 2676 730 2723 sideribus
741 2676 819 2719 coeium
831 2676 938 2731 requievit
951 2677 973 2717 in
983 2675 1027 2718 iilo.

351 2787 477 2955 (V
695 2835 840 2869 amuounmu
857 2836 945 2868 urorum
961 2834 1063 2868 annaeus.

485 2914 507 2958 V.
536 2916 647 2958 Clauserat
657 2916 787 2972 Hippotades
798 2922 881 2959 aeterno
893 2928 978 2959 carcere
989 2922 1072 2967 ventos,

511 2985 677 3041 Admonitorque
688 2999 778 3042 operum
789 2986 842 3029 coelo
854 2987 987 3029 clarissimus
1000 2986 1043 3028 alto

512 3055 595 3098 Lucifer
606 3062 668 3098 ortus
679 3063 731 3100 erat.
746 3057 824 3099 Pennis
838 3057 892 3111 ligat
903 3058 938 3100 1113
950 3058 1066 3112 resumptis

511 3125 573 3168 Parte
584 3126 611 3168 ab
623 3133 714 3181 utroquo
728 3128 800 3183 pedes,
816 3129 901 3183 teloque
915 3128 1035 3183 accingitur
1048 3138 1110 3179 unco,
1210 3117 1251 3167 titii

511 3196 537 3237 Et
551 3196 657 3250 liquidum
672 3197 735 3239 motis
747 3198 851 3241 talaribus
862 3210 911 3241 aera
924 3198 994 3240 iindit.

512 3266 615 3309 Gentibus
627 3267 748 3310 innumeris
758 3269 884 3323 circumque
896 3269 996 3325 infraque
1006 3269 1095 3319 relictis,

513 3336 637 3392 AEthiopum
649 3340 749 3393 populos,
762 3339 850 3392 cepheia
863 3339 967 3393 conspicit
979 3351 1038 3381 arva.

512 3404 558 3449 lliic
569 3407 700 3450 immeritam
715 3414 818 3451 maternae
830 3408 924 3463 pendere
936 3408 1015 3463 lingum

511 3469 661 3520 Andromedan
673 3491 747 3533 poenas
758 3479 849 3521 immitis
857 3478 955 3535 jusserat
967 3481 1064 3521 Ammon.
1217 3477 1257 3518 tiit)

513 3546 580 3596 Quam
592 3547 657 3589 simui
670 3549 696 3591 ad
710 3549 776 3591 duras
788 3549 900 3601 religatam
913 3548 1000 3591 brachia
1014 3552 1088 3589 cantes

514 3617 572 3659 Vidit
584 3618 721 3668 Abantiades,
736 3620 778 3661 uisi
793 3618 851 3675 quod
862 3620 914 3662 iovis
927 3632 980 3662 aura
991 3620 1078 3674 capillos

514 3687 614 3739 Moverat,
626 3692 647 3729 et
659 3688 743 3743 trepido
754 3688 871 3731 manabant
882 3688 964 3731 lumina
976 3689 1036 3741 fletu,
1089 3733 1091 3739 ,

514 3756 657 3801 Marmoreum
667 3758 728 3801 ratris
742 3766 799 3801 essct
811 3771 874 3815 opus.
886 3759 962 3802 Trahit
976 3759 1058 3801 inscius
1072 3759 1139 3813 ignes,

514 3826 540 3868 Et
552 3832 633 3884 stupet,
642 3833 664 3871 ct
677 3830 727 3871 visae
740 3836 854 3883 correptus
864 3830 958 3882 imagine
972 3829 1054 3880 iormoe,
1214 3826 1253 3870 iiiii

515 3896 576 3940 Paene
584 3911 634 3941 suas
645 3904 735 3954 quatere
747 3905 779 3944 est
791 3899 873 3942 obiitus
885 3901 906 3940 iu
920 3912 969 3941 aere
984 3912 1071 3956 pennas.
