3384 4675
421 540 468 590 m
507 504 514 518 ’
745 530 1052 612 udrruonrnosss.

422 657 471 713 dos
481 663 572 714 contre
581 672 635 712 unc
648 654 747 726 grande
759 655 869 711 coionne
880 653 913 709 de
926 655 1039 720 marture,
1062 660 1097 720 ct,
1121 656 1167 710 sdr
1179 656 1244 726 qu'ii
1260 671 1294 710 nc
1307 661 1370 727 pent

350 780 353 785 -
399 734 405 752 ’
420 749 481 821 pius
495 750 550 804 dtre
563 746 663 818 surpris
674 745 857 818 perdendum,
876 745 895 800 it
908 746 952 802 fait
962 747 1018 802 fuce
1032 761 1082 802 aux
1095 749 1223 812 ennemis,
1240 753 1266 802 et
1278 748 1370 802 resiste

421 843 535 897 'atoutes
547 840 586 894 les
600 845 725 910 ottoques.
747 837 766 891 h
780 839 888 908 gauchc,
903 839 922 892 it
936 854 951 892 a
968 855 1001 892 en
1021 840 1074 894 tete
1088 839 1183 911 hiolpee
1197 840 1230 894 de
1244 838 1368 905 chaone

420 934 543 998 hdroite,
556 931 658 987 l'drnhe
670 918 810 985 Ethemon.
828 929 933 985 Comme
949 946 987 984 un
1001 931 1078 1011 tigre,
1094 932 1183 1003 presse
1198 948 1245 1004 par
1260 933 1285 987 la
1296 932 1369 996 seim,

382 1069 385 1072 .
419 1024 538 1098 lorsqu'il
547 1024 645 1081 entend
653 1023 686 1079 de
695 1022 867 1078 deuxvattons
876 1023 984 1094 oppose's
992 1011 1264 1094 lemugisscmentdes
1272 1025 1369 1089 hoeuts,

420 1131 456 1174 ne
477 1118 527 1174 sait
543 1117 578 1172 oti
589 1117 607 1171 il
625 1115 679 1171 doit
694 1115 781 1170 courir
792 1115 825 1169 de
835 1115 996 1186 preference,
1009 1123 1036 1172 et
1046 1116 1164 1171 voudrait
1177 1117 1301 1172 s'dtancer
1312 1132 1371 1172 vers

420 1213 459 1268 les
471 1212 538 1268 deux
548 1211 642 1267 coust
652 1211 677 1265 la
687 1209 752 1275 fois;
764 1207 1000 1275 Persee,incertain
1010 1209 1051 1264 s'il
1062 1209 1155 1266 doitse
1165 1211 1278 1281 porterit
1287 1210 1371 1267 droite

422 1320 457 1361 ou
468 1307 482 1359 i
493 1304 603 1374 geuthe,
613 1301 705 1374 trappe
718 1286 815 1373 hiolpe'e
824 1303 839 1356 'a
848 1301 874 1356 la
882 1300 970 1372 jambe
983 1307 1009 1356 et
1020 1316 1049 1358 se
1060 1306 1183 1357 contente
1195 1301 1227 1357 de
1240 1303 1266 1357 lc
1277 1308 1371 1358 mettre

422 1406 457 1454 en
476 1397 549 1452 suite.
573 1381 701 1450 Ethemon
718 1411 752 1450 ne
765 1395 802 1450 lui
819 1393 895 1449 inisse
907 1395 980 1466 point
994 1395 1025 1448 de
1039 1409 1125 1465 repos.
1149 1394 1271 1466 Emportd
1283 1411 1330 1466 par
1343 1410 1372 1448 sn

421 1489 523 1553 fureur,
541 1491 567 1542 et
584 1485 691 1553 bridam
704 1485 853 1541 d'entonoer
864 1486 928 1540 dans
937 1485 962 1539 le
975 1500 1025 1540 cou
1034 1484 1067 1541 de
1077 1485 1171 1540 Persdc
1182 1500 1229 1541 son
1239 1486 1302 1556 epte
1312 1485 1372 1556 jus-

423 1579 483 1651 qu‘h
495 1581 522 1637 ,la
534 1579 625 1650 garde,
647 1579 667 1635 tt
681 1581 804 1649 l'attaque
815 1592 877 1633 sens
891 1593 1011 1632 mesurer
1025 1593 1065 1631 ses
1084 1578 1182 1642 torces;
1206 1577 1271 1632 mais
1289 1578 1372 1657 l'dpee

421 1672 478 1727 rote
495 1687 529 1727 en
544 1673 631 1739 delate,
655 1667 682 1728 et
695 1688 724 1727 sa
735 1671 833 1742 pointe,
856 1670 993 1741 reponssde
1015 1686 1061 1739 par
1079 1671 1103 1724 ta
1120 1669 1237 1733 colunne,
1260 1669 1330 1724 vient
1343 1685 1372 1723 se

420 1765 528 1839 pionger
541 1765 605 1821 dans
617 1767 643 1822 la
656 1781 735 1836 gorge
750 1766 783 1821 de
798 1780 846 1820 son
859 1763 963 1819 mettre.
983 1763 1017 1819 Le
1032 1779 1098 1834 coup
1113 1763 1267 1818 neanmoins
1280 1779 1314 1818 ne
1333 1763 1370 1817 lui

375 1929 379 1936 Ι
422 1856 509 1914 donne
527 1859 614 1929 pasta
634 1865 714 1914 mort.
734 1845 862 1913 Ethemon
880 1856 1010 1911 chanceilc
1033 1856 1139 1913 etteud
1153 1856 1308 1937 ‘roinement
1330 1872 1372 1911 ses

421 1938 481 1996 bros
505 1941 648 2021 de'sarmts,
676 1941 768 1996 Persde
783 1941 808 1996 le
826 1940 917 2011 trappe
940 1939 975 1994 du
995 1939 1132 1996 cimeterre
1152 1955 1203 2011 que
1226 1939 1264 1995 lui
1285 1940 1372 1997 donna

423 2033 546 2090 Mercure.

456 2126 554 2198 vorant
571 2128 642 2184 enfin
654 2143 682 2183 sn
697 2128 865 2198 retentores
878 2126 911 2182 de
929 2125 1083 2181 succomber
1101 2141 1162 2181 sous
1174 2126 1199 2181 le
1212 2125 1330 2191 nombre,
1346 2127 1372 2181 le

419 2219 496 2274 heros
512 2220 622 2278 scurie:
640 2220 775 2292 «Puisque
786 2236 850 2276 vous
861 2221 914 2300 m'y
932 2220 1024 2282 forcez,
1040 2219 1249 2290 J*implore1·aile
1265 2235 1372 2275 secours

423 2311 483 2373 d'un
495 2314 609 2373 ennemi.
628 2314 771 2372 Detournez
783 2330 828 2369 vos
842 2312 963 2383 regards,
976 2314 992 2366 d
1004 2327 1060 2367 mes
1074 2311 1152 2367 umis!
1172 2310 1213 2367 s'il
1230 2327 1263 2367 en
1279 2317 1319 2368 est
1336 2313 1371 2369 ici

525 2544 621 2599 Applicat
632 2544 684 2588 hinc
694 2544 798 2587 humeros
807 2542 833 2586 ad
846 2555 930 2598 magnes
944 2554 994 2586 stura
1005 2541 1117 2591 columne,
1224 2539 1263 2581 tm

524 2614 622 2669 Tutaque
636 2620 695 2670 terge
709 2626 794 2670 gerens,
807 2612 940 2668 adversaque
954 2614 978 2655 in
990 2612 1076 2667 agmina
1088 2622 1168 2662 versus,

522 2684 619 2727 Sustinet
630 2684 744 2727 instantes.
758 2681 870 2725 lustabnnt
880 2688 941 2737 parte
952 2682 1041 2725 sinistra

522 2754 631 2797 Chaonius
645 2754 749 2809 hiolpeus,
761 2752 837 2795 destm
850 2753 961 2796 nahataeus
974 2752 1086 2796 Ethemon.

523 2825 593 2880 'tigris
602 2829 635 2876 nt,
648 2822 731 2868 auditis
744 2822 829 2866 diverso
842 2822 900 2865 valle
911 2823 1004 2865 duorum

524 2894 664 2937 Exstimuiata
676 2894 733 2936 fame
746 2894 868 2947 mugitibus
883 2899 1039 2946 armentorum,
1227 2892 1267 2936 tm

485 2955 487 2958 ’
524 2964 596 3007 Nescit
609 2969 658 3005 ntro
670 2962 744 3017 potius
756 2968 812 3014 runt,
827 2968 852 3004 et
862 2975 925 3005 ruere
939 2962 1002 3005 nudet
1014 2967 1115 3017 utroque;

524 3034 559 3077 Sic
570 3032 649 3075 dubius
663 3033 760 3082 Perseus,
775 3032 850 3075 dextra
861 3032 942 3075 laerune
953 3031 1043 3083 seratur,

523 3102 608 3157 itolpcal
617 3102 703 3155 trajecti
718 3100 828 3145 submovit
839 3101 930 3144 vulnere
942 3101 1019 3152 cruris,

521 3174 684 3229 Contentusqne
691 3173 742 3228 tuga
751 3179 791 3216 est.
799 3174 873 3229 Neque
880 3174 938 3217 euim
946 3174 1077 3229 datternpus
1089 3175 1200 3225 Ethemon,

521 3244 562 3288 Sed
576 3244 641 3295 turit;
652 3249 681 3295 et,
696 3245 787 3300 cupiens
799 3245 843 3287 alto
856 3244 907 3288 dere
919 3245 1009 3287 vulnera
1021 3246 1083 3298 coilo,
1221 3247 1262 3289 tto

523 3316 569 3358 Non
583 3314 745 3370 circumspectis
754 3320 853 3357 exectum
867 3314 951 3358 virihus
965 3311 1039 3360 ensem

522 3385 601 3439 Fregit,
612 3389 634 3426 et
646 3388 740 3427 extreme
752 3396 861 3439 percussu
873 3390 934 3440 perte
947 3386 1052 3429 columnus

522 3455 610 3498 Lumina
621 3453 725 3506 dissiluit,
738 3454 865 3509 dominique
878 3456 900 3496 in
913 3460 1002 3510 gutture
1014 3454 1053 3497 tire
1064 3461 1104 3499 est.

431 3540 436 3549 ·
523 3526 568 3568 Non
582 3530 653 3567 tamen
666 3524 692 3567 ed
703 3525 788 3568 lethum
802 3537 878 3567 causas
892 3526 944 3567 satis
955 3526 991 3568 ille
1004 3527 1098 3570 valentes

523 3596 586 3650 Plaga
597 3594 662 3638 dedit.
677 3595 796 3650 'trepidum
810 3595 909 3647 Perseus,
922 3601 943 3636 et
955 3596 1045 3638 inermia
1059 3597 1141 3640 trtistru
1225 3597 1265 3641 1ἵῦ

523 3662 611 3705 Brachia
624 3663 749 3706 tendentem
760 3663 865 3720 cyllenidc
875 3665 970 3708 confodit
984 3665 1058 3721 harpe,

548 3770 626 3812 Verum
638 3769 676 3812 ubi
688 3769 791 3812 virtutem
805 3770 874 3813 turbe
885 3770 1026 3814 succumbere
1037 3771 1102 3815 vidit:

525 3856 535 3877 ι
549 3840 662 3890 Auxilium,
675 3839 773 3889 Perseus,
786 3842 891 3895 quoniam
905 3840 935 3882 sie
949 3840 1025 3893 cogitis
1035 3840 1084 3895 ipsi,

523 3910 586 3964 hisit,
596 3910 623 3953 ab
637 3911 700 3954 hoste
712 3912 880 3967 petam.·Vultus
892 3911 982 3953 avertite
994 3917 1085 3966 vestros,
