3384 4675
399 591 445 643 rto
716 560 1021 640 nerououenosus.

398 713 482 774 ment,
496 713 523 763 et
536 706 684 779 i‘nppeiient
696 705 815 777 toujours
825 702 924 758 Lichas.
937 702 997 758 this
1010 703 1056 768 toi,
1072 703 1171 758 illustre
1180 703 1223 759 his
1236 703 1270 760 de
1282 703 1353 778 Jupi-

399 805 450 864 ter,
466 806 495 855 tu
507 799 581 854 ebats
597 799 636 854 tes
654 797 744 852 arbres
757 797 793 852 du
807 797 920 867 superbe
932 795 996 862 OEta,
1017 803 1046 852 tu
1058 797 1186 852 construis
1198 813 1236 852 un
1251 797 1355 855 hricher

399 897 426 946 et
437 896 467 946 tu
480 891 549 962 pries
558 892 582 946 ie
591 891 633 946 fils
645 891 678 946 de
688 890 768 946 Poean
782 891 814 944 de
828 889 943 945 receuoir
956 897 1002 944 ton
1017 905 1071 956 erc,
1088 897 1134 944 ton
1148 890 1220 961 large
1233 894 1354 964 cerquois

400 991 427 1040 et
440 991 479 1041 tes
497 986 594 1040 sseches
611 985 767 1041 destinees'e
782 984 868 1039 revoir
884 983 959 1037 Ilion.
972 983 1019 1038 Par
1037 983 1074 1036 les
1089 983 1173 1037 mains
1186 984 1220 1039 de
1231 1001 1262 1040 oe
1276 985 1354 1042 noete

399 1078 535 1144 serviteur,
552 1079 577 1132 le
592 1079 636 1132 feu
652 1084 691 1133 est
706 1077 757 1132 mis
771 1093 805 1131 eu
817 1076 933 1140 hucher3
951 1082 986 1139 et,
999 1075 1086 1130 tondis
1100 1091 1152 1145 que
1169 1077 1193 1130 ie
1211 1077 1319 1133 flemme
1330 1079 1360 1134 le

400 1184 534 1234 consume,
553 1177 583 1225 tu
602 1169 687 1240 places
705 1186 749 1224 sur
765 1170 790 1224 le
808 1169 864 1223 bois
885 1169 986 1225 ennsse
1002 1169 1026 1224 la
1045 1168 1174 1239 deponitle
1193 1169 1230 1223 du
1247 1170 1303 1225 lion
1321 1171 1356 1226 de

400 1259 495 1316 Nemee
507 1268 533 1316 et
550 1263 575 1317 lo
589 1277 692 1317 mnssue
706 1263 741 1317 or'r
755 1268 780 1317 tn
797 1263 851 1316 tete
862 1277 954 1332 repose
972 1276 1033 1316 auec
1046 1261 1071 1314 la
1084 1261 1196 1316 serenite
1211 1261 1278 1316 d'un
1293 1277 1355 1319 con·

401 1353 458 1408 rire
475 1353 539 1410 assis
551 1355 566 1408 h
576 1370 612 1408 un
624 1353 747 1424 bouquet,
761 1354 785 1409 le
799 1353 869 1409 hont
878 1353 1011 1409 couronne
1023 1354 1055 1408 de
1068 1353 1157 1419 sseurs,
1170 1369 1204 1408 an
1215 1354 1309 1411 mitieu
1322 1355 1356 1410 de

399 1459 494 1518 conpes
505 1446 605 1517 pleines
619 1446 652 1503 de
663 1447 717 1504 vin.

726 1644 863 1707 'ermenosn
882 1649 1024 1705 o’nuncuce.

436 1791 483 1846 ih
496 1791 555 1860 hejo
570 1793 596 1847 la
610 1793 715 1849 homme
731 1793 885 1849 victoricuse
902 1793 1012 1864 petillait
1028 1793 1098 1848 etde
1111 1798 1198 1849 tontes
1214 1799 1287 1865 parts
1299 1811 1357 1851 em-

387 1883 499 1939 shresait
513 1885 538 1939 le
554 1885 671 1941 bucher:
687 1886 736 1941 elle
749 1885 875 1956 ettaqnnit
888 1883 1057 1955 l'impassihle
1071 1886 1157 1952 heros,
1168 1886 1216 1958 qui
1235 1887 1357 1944 sembleit

402 1979 437 2030 en
449 1976 577 2046 mepriser
592 1977 629 2031 tes
642 1977 773 2032 atteintes.
790 1977 837 2031 Les
850 1976 929 2031 dieux
942 1976 1110 2034 tremblai'ent
1123 1995 1191 2050 pour
1202 1981 1227 2035 le
1238 1996 1355 2051 vongeur

403 2069 439 2123 du
448 2069 553 2124 monde.
564 2069 598 2123 Le
609 2069 652 2124 iiis
661 2069 693 2123 de
705 2068 815 2124 Saturne
825 2069 879 2124 roit
891 2069 949 2124 leur
958 2069 1078 2134 domem,
1087 2078 1122 2135 et,
1132 2070 1195 2125 d'un
1204 2071 1242 2126 air
1249 2072 1356 2145 J‘oyeux,

402 2159 422 2214 it
433 2161 491 2216 leur
502 2162 574 2233 parte
586 2161 652 2216 ainsi
666 2176 673 2216 ;
693 2182 704 2213 ι
718 2160 800 2216 Dieur
813 2162 969 2226 immortels,
985 2178 1030 2217 vos
1043 2160 1156 2217 elarmes
1167 2179 1211 2218 me
1225 2164 1357 2222 comblent
1377 2148 1384 2163 ’

403 2252 578 2323 d'atlegresse.
598 2253 627 2308 Je
646 2269 689 2308 nte
707 2252 801 2309 sehcite
816 2255 947 2309 vivement
966 2254 1048 2309 d'etre
1063 2255 1152 2325 appele
1169 2255 1194 2309 le
1215 2258 1278 2328 pere
1293 2263 1319 2314 et
1332 2258 1358 2314 le

402 2346 441 2401 roi
457 2347 522 2402 d'un
533 2348 627 2419 penple
645 2347 852 2404 reconnaissent.
868 2346 925 2403 hlon
944 2348 987 2415 fils
1007 2354 1098 2403 trouve
1115 2365 1152 2403 uu
1170 2351 1264 2405 nouvel
1277 2353 1356 2423 appui

992 2508 1002 2531 Ι

509 2563 665 2619 Appollautque
677 2562 765 2606 Lichan.
778 2562 803 2604 ht
814 2567 846 2615 tu,
860 2561 918 2605 toris
932 2562 1011 2619 inclyta
1024 2562 1102 2618 proles,

508 2632 624 2676 Arboribus
635 2633 706 2684 cresis,
718 2643 772 2687 quas
783 2632 852 2675 ardna
864 2637 960 2687 gesserat
969 2633 1022 2687 OEtc,

509 2703 576 2759 lnque
589 2714 664 2759 pyram
679 2704 777 2756 structis,
790 2715 854 2745 arcus
868 2702 1036 2758 pharetramque
1048 2715 1154 2759 capacem,

508 2773 625 2828 Regnaque
636 2774 719 2815 visuras
730 2773 810 2815 iterum
824 2773 909 2826 trojana
921 2774 1011 2828 sagittas

508 2842 570 2886 Ferre
582 2843 647 2897 jubes
663 2845 748 2885 Poeante
760 2848 838 2887 satum.
850 2845 894 2893 Quo
905 2844 990 2887 flemma
1003 2845 1103 2887 ministro

507 2913 603 2965 Subdita,
615 2914 710 2967 dumque
723 2914 792 2957 avidis
802 2913 965 2969 comprenditur
976 2915 1063 2970 ignibus
1073 2928 1148 2970 agger,

507 2984 633 3038 congeriem
642 2984 701 3027 silrae
713 2996 807 3028 ucmeaeo
818 2985 897 3027 vellere
911 2998 1019 3028 summum

507 3054 597 3106 sternis,
611 3061 633 3097 et
645 3054 745 3109 imposito
757 3055 823 3099 oleum
835 3057 919 3098 cervice
931 3056 1047 3108 recumbis,

509 3124 569 3167 llnud
582 3124 624 3168 ulio
636 3127 706 3177 vultu,
721 3127 816 3179 quamsi
829 3127 918 3169 conviva
929 3127 1021 3179 iaceres,

509 3195 568 3238 lnter
580 3196 643 3251 plene
655 3197 708 3240 mori
720 3195 836 3240 redimitus
848 3198 925 3252 poculo
937 3198 1008 3242 sortis.

745 3374 851 3408 HERCULIS
867 3374 1009 3409 APOTHEOSIS.

476 3471 509 3516 lv.
524 3472 612 3527 Jamque
624 3472 706 3526 volens,
718 3474 774 3515 etin
786 3486 851 3517 omne
864 3474 921 3517 letus
935 3473 1015 3517 diffuse
1030 3473 1129 3527 sonabat,

509 3546 642 3598 securosque
653 3550 722 3597 artus,
733 3550 949 3600 contemptoremque
959 3545 1045 3599 petebat

509 3615 603 3659 Flamma
615 3627 687 3659 suum.
700 3615 800 3658 'timuere
813 3616 844 3658 dii
857 3627 896 3671 pro
908 3615 993 3659 vindice
1006 3623 1076 3660 terroe.

509 3686 566 3735 Quos
579 3685 609 3726 ito
624 3685 701 3738 (sensit
711 3685 786 3739 enim),
798 3686 847 3729 lueto
861 3688 973 3729 saturnius
986 3699 1023 3730 ore

508 3755 593 3809 Jupiter
605 3754 726 3809 alloquitur
739 3771 745 3798 ι
759 3772 769 3794 «
783 3757 858 3800 h'ostrn
870 3763 903 3799 est
914 3759 979 3799 timor
990 3759 1031 3800 istc
1044 3758 1150 3813 comptos,

510 3825 526 3867 0
537 3825 612 3879 Superi
622 3828 627 3867 t
639 3831 726 3879 totoque
738 3826 808 3869 iibens
819 3828 874 3871 mihi
884 3835 968 3883 pretore
981 3836 1061 3884 grator,

507 3893 568 3947 quod
581 3897 684 3942 memoris
698 3896 773 3954 popuii
784 3895 844 3941 dicor
857 3904 972 3952 rectorque
983 3906 1094 3953 paterque,

502 3970 529 4018 Et
544 3984 595 4019 meo
609 3971 733 4033 progenies
744 3976 819 4018 restro
831 3982 921 4028 quoquc
931 3974 983 4012 tntu
990 3968 1066 4009 tunore
1073 3975 1114 4009 en.
