<?xml version="1.0" encoding="UTF-8"?>
<!DOCTYPE html PUBLIC "-//W3C//DTD XHTML 1.0 Transitional//EN"
    "http://www.w3.org/TR/xhtml1/DTD/xhtml1-transitional.dtd">
<html xmlns="http://www.w3.org/1999/xhtml" xml:lang="en" lang="en">
 <head>
  <title>
</title>
<meta http-equiv="Content-Type" content="text/html;charset=utf-8" />
  <meta name='ocr-system' content='tesseract 3.04.00' />
  <meta name='ocr-capabilities' content='ocr_page ocr_carea ocr_par ocr_line ocrx_word'/>
</head>
<body>
  <div class='ocr_page' id='page_1' title='image "./lesmtamorphoses00ovidgoog_0622.png"; bbox 0 0 3384 4675; ppageno 0'>
   <div class='ocr_carea' id='block_1_1' title="bbox 761 568 1320 618">
    <p class='ocr_par' dir='ltr' id='par_1_1' title="bbox 761 568 1320 618">
     <span class='ocr_line' id='line_1_1' title="bbox 761 568 1320 618; baseline 0.002 -2"><span class='ocrx_word' id='word_1_1' title='bbox 761 568 860 618; x_wconf 73' lang='lat' dir='ltr'>titus</span> <span class='ocrx_word' id='word_1_2' title='bbox 881 568 947 617; x_wconf 73' lang='lat' dir='ltr'>XV..</span> <span class='ocrx_word' id='word_1_3' title='bbox 1274 569 1320 617; x_wconf 74' lang='grc'>599</span> 
     </span>
    </p>
   </div>
   <div class='ocr_carea' id='block_1_2' title="bbox 366 666 1327 2332">
    <p class='ocr_par' dir='ltr' id='par_1_2' title="bbox 366 666 1327 2332">
     <span class='ocr_line' id='line_1_2' title="bbox 368 666 1319 760; baseline -0.008 -14"><span class='ocrx_word' id='word_1_4' title='bbox 368 689 557 760; x_wconf 74' lang='lat' dir='ltr'>leiouetd&#39;mre</span> <span class='ocrx_word' id='word_1_5' title='bbox 569 688 684 751; x_wconf 88' lang='lat' dir='ltr'>iitusion,</span> <span class='ocrx_word' id='word_1_6' title='bbox 698 685 815 740; x_wconf 87' lang='lat' dir='ltr'>itreiusa</span> <span class='ocrx_word' id='word_1_7' title='bbox 822 684 865 756; x_wconf 76' lang='lat' dir='ltr'>d&#39;p</span> <span class='ocrx_word' id='word_1_8' title='bbox 876 666 978 755; x_wconf 83' lang='lat' dir='ltr'>ajouter</span> <span class='ocrx_word' id='word_1_9' title='bbox 984 683 1029 738; x_wconf 88' lang='lat' dir='ltr'>toi.</span> <span class='ocrx_word' id='word_1_10' title='bbox 1043 683 1156 740; x_wconf 73' lang='lat' dir='ltr'>Sororem</span> <span class='ocrx_word' id='word_1_11' title='bbox 1165 685 1184 738; x_wconf 92' lang='lat' dir='ltr'>it</span> <span class='ocrx_word' id='word_1_12' title='bbox 1193 691 1266 756; x_wconf 90' lang='lat' dir='ltr'>porta</span> <span class='ocrx_word' id='word_1_13' title='bbox 1278 701 1319 740; x_wconf 88' lang='lat' dir='ltr'>ses</span> 
     </span>
     <span class='ocr_line' id='line_1_3' title="bbox 369 763 1319 850; baseline -0.006 -14"><span class='ocrx_word' id='word_1_14' title='bbox 369 781 454 850; x_wconf 87' lang='lat' dir='ltr'>doigts</span> <span class='ocrx_word' id='word_1_15' title='bbox 466 781 538 835; x_wconf 80' lang='lat' dir='ltr'>ason</span> <span class='ocrx_word' id='word_1_16' title='bbox 547 779 633 842; x_wconf 80' lang='lat' dir='ltr'>iront3</span> <span class='ocrx_word' id='word_1_17' title='bbox 644 777 720 842; x_wconf 87' lang='lat' dir='ltr'>mais,</span> <span class='ocrx_word' id='word_1_18' title='bbox 730 775 819 847; x_wconf 89' lang='lat' dir='ltr'>quand</span> <span class='ocrx_word' id='word_1_19' title='bbox 829 774 848 829; x_wconf 92' lang='lat' dir='ltr'>il</span> <span class='ocrx_word' id='word_1_20' title='bbox 858 780 903 830; x_wconf 89' lang='lat' dir='ltr'>eut</span> <span class='ocrx_word' id='word_1_21' title='bbox 912 774 1006 829; x_wconf 80' lang='lat' dir='ltr'>tonche</span> <span class='ocrx_word' id='word_1_22' title='bbox 1014 789 1043 828; x_wconf 88' lang='lat' dir='ltr'>ee</span> <span class='ocrx_word' id='word_1_23' title='bbox 1052 763 1097 844; x_wconf 80' lang='lat' dir='ltr'>qui</span> <span class='ocrx_word' id='word_1_24' title='bbox 1105 773 1171 830; x_wconf 86' lang='lat' dir='ltr'>avait</span> <span class='ocrx_word' id='word_1_25' title='bbox 1179 774 1269 846; x_wconf 76' lang='lat' dir='ltr'>frappe</span> <span class='ocrx_word' id='word_1_26' title='bbox 1278 793 1319 832; x_wconf 87' lang='lat' dir='ltr'>ses</span> 
     </span>
     <span class='ocr_line' id='line_1_4' title="bbox 369 866 1321 942; baseline -0.003 -15"><span class='ocrx_word' id='word_1_27' title='bbox 369 873 486 942; x_wconf 75' lang='lat' dir='ltr'>regards,</span> <span class='ocrx_word' id='word_1_28' title='bbox 494 871 514 925; x_wconf 92' lang='lat' dir='ltr'>it</span> <span class='ocrx_word' id='word_1_29' title='bbox 522 886 595 927; x_wconf 88' lang='lat' dir='ltr'>cessa</span> <span class='ocrx_word' id='word_1_30' title='bbox 606 869 741 925; x_wconf 85' lang='lat' dir='ltr'>d&#39;acouser</span> <span class='ocrx_word' id='word_1_31' title='bbox 749 885 777 924; x_wconf 92' lang='lat' dir='ltr'>sa</span> <span class='ocrx_word' id='word_1_32' title='bbox 785 884 844 924; x_wconf 83' lang='lat' dir='ltr'>rue.</span> <span class='ocrx_word' id='word_1_33' title='bbox 856 867 1000 922; x_wconf 82' lang='lat' dir='ltr'>ltrerenait</span> <span class='ocrx_word' id='word_1_34' title='bbox 1010 866 1123 933; x_wconf 76' lang='lat' dir='ltr'>iiiome,</span> <span class='ocrx_word' id='word_1_35' title='bbox 1134 868 1280 939; x_wconf 86' lang='lat' dir='ltr'>vainqueur</span> <span class='ocrx_word' id='word_1_36' title='bbox 1289 869 1321 924; x_wconf 86' lang='lat' dir='ltr'>de</span> 
     </span>
     <span class='ocr_line' id='line_1_5' title="bbox 369 959 1319 1032; baseline -0.005 -12"><span class='ocrx_word' id='word_1_37' title='bbox 369 964 543 1020; x_wconf 88' lang='lat' dir='ltr'>sesennemis.</span> <span class='ocrx_word' id='word_1_38' title='bbox 554 963 575 1016; x_wconf 91' lang='lat' dir='ltr'>lt</span> <span class='ocrx_word' id='word_1_39' title='bbox 586 961 746 1027; x_wconf 61' lang='lat' dir='ltr'>semeiam,</span> <span class='ocrx_word' id='word_1_40' title='bbox 754 962 793 1016; x_wconf 90' lang='lat' dir='ltr'>les</span> <span class='ocrx_word' id='word_1_41' title='bbox 800 977 867 1032; x_wconf 70' lang='lat' dir='ltr'>qemi</span> <span class='ocrx_word' id='word_1_42' title='bbox 875 967 900 1016; x_wconf 89' lang='lat' dir='ltr'>et</span> <span class='ocrx_word' id='word_1_43' title='bbox 907 960 946 1015; x_wconf 91' lang='lat' dir='ltr'>les</span> <span class='ocrx_word' id='word_1_44' title='bbox 955 959 1014 1015; x_wconf 87' lang='lat' dir='ltr'>bras</span> <span class='ocrx_word' id='word_1_45' title='bbox 1022 959 1091 1016; x_wconf 70' lang='lat' dir='ltr'>leves</span> <span class='ocrx_word' id='word_1_46' title='bbox 1099 961 1200 1016; x_wconf 85' lang='lat' dir='ltr'>auciel:</span> <span class='ocrx_word' id='word_1_47' title='bbox 1212 961 1319 1028; x_wconf 68' lang='lat' dir='ltr'>«Dieux,</span> 
     </span>
     <span class='ocr_line' id='line_1_6' title="bbox 370 1053 1320 1126; baseline -0.005 -13"><span class='ocrx_word' id='word_1_48' title='bbox 370 1056 529 1120; x_wconf 63' lang='lat' dir='ltr'>semia-tit,</span> <span class='ocrx_word' id='word_1_49' title='bbox 540 1055 601 1126; x_wconf 87' lang='lat' dir='ltr'>quel</span> <span class='ocrx_word' id='word_1_50' title='bbox 616 1071 668 1126; x_wconf 90' lang='lat' dir='ltr'>que</span> <span class='ocrx_word' id='word_1_51' title='bbox 683 1055 732 1110; x_wconf 87' lang='lat' dir='ltr'>soit</span> <span class='ocrx_word' id='word_1_52' title='bbox 744 1054 917 1109; x_wconf 74' lang='lat' dir='ltr'>t&#39;erenement</span> <span class='ocrx_word' id='word_1_53' title='bbox 927 1053 1044 1109; x_wconf 76' lang='lat' dir='ltr'>annonoe</span> <span class='ocrx_word' id='word_1_54' title='bbox 1052 1070 1136 1126; x_wconf 86' lang='lat' dir='ltr'>perce</span> <span class='ocrx_word' id='word_1_55' title='bbox 1145 1054 1320 1125; x_wconf 75' lang='lat' dir='ltr'>phenomene,</span> 
     </span>
     <span class='ocr_line' id='line_1_7' title="bbox 371 1145 1322 1218; baseline -0.002 -16"><span class='ocrx_word' id='word_1_56' title='bbox 371 1147 412 1203; x_wconf 86' lang='lat' dir='ltr'><strong>s&#39;il</strong></span> <span class='ocrx_word' id='word_1_57' title='bbox 428 1152 469 1203; x_wconf 88' lang='lat' dir='ltr'>est</span> <span class='ocrx_word' id='word_1_58' title='bbox 480 1148 606 1212; x_wconf 76' lang='lat' dir='ltr'>hemena,</span> <span class='ocrx_word' id='word_1_59' title='bbox 620 1147 685 1218; x_wconf 89' lang='lat' dir='ltr'>qu&#39;il</span> <span class='ocrx_word' id='word_1_60' title='bbox 696 1147 746 1203; x_wconf 84' lang='lat' dir='ltr'>soit</span> <span class='ocrx_word' id='word_1_61' title='bbox 759 1163 825 1218; x_wconf 88' lang='lat' dir='ltr'>pour</span> <span class='ocrx_word' id='word_1_62' title='bbox 842 1162 893 1201; x_wconf 89' lang='lat' dir='ltr'>ma.</span> <span class='ocrx_word' id='word_1_63' title='bbox 906 1145 988 1217; x_wconf 88' lang='lat' dir='ltr'>patrie</span> <span class='ocrx_word' id='word_1_64' title='bbox 1004 1151 1031 1201; x_wconf 89' lang='lat' dir='ltr'>et</span> <span class='ocrx_word' id='word_1_65' title='bbox 1042 1162 1111 1218; x_wconf 89' lang='lat' dir='ltr'>pour</span> <span class='ocrx_word' id='word_1_66' title='bbox 1126 1147 1165 1202; x_wconf 89' lang='lat' dir='ltr'>ies</span> <span class='ocrx_word' id='word_1_67' title='bbox 1176 1146 1278 1212; x_wconf 82' lang='lat' dir='ltr'>entants</span> <span class='ocrx_word' id='word_1_68' title='bbox 1290 1147 1322 1200; x_wconf 89' lang='lat' dir='ltr'>de</span> 
     </span>
     <span class='ocr_line' id='line_1_8' title="bbox 371 1238 1320 1309; baseline -0.002 -15"><span class='ocrx_word' id='word_1_69' title='bbox 371 1239 505 1306; x_wconf 64' lang='lat' dir='ltr'>Quirinum</span> <span class='ocrx_word' id='word_1_70' title='bbox 516 1239 557 1294; x_wconf 85' lang='lat' dir='ltr'>s&#39;il</span> <span class='ocrx_word' id='word_1_71' title='bbox 571 1245 612 1294; x_wconf 91' lang='lat' dir='ltr'>est</span> <span class='ocrx_word' id='word_1_72' title='bbox 623 1239 808 1309; x_wconf 83' lang='lat' dir='ltr'>funeste,qu&#39;it</span> <span class='ocrx_word' id='word_1_73' title='bbox 821 1239 871 1294; x_wconf 89' lang='lat' dir='ltr'>soit</span> <span class='ocrx_word' id='word_1_74' title='bbox 885 1254 954 1309; x_wconf 91' lang='lat' dir='ltr'>pour</span> <span class='ocrx_word' id='word_1_75' title='bbox 964 1238 1019 1293; x_wconf 93' lang='lat' dir='ltr'>moi</span> <span class='ocrx_word' id='word_1_76' title='bbox 1033 1240 1104 1294; x_wconf 89' lang='lat' dir='ltr'>seul!</span> <span class='ocrx_word' id='word_1_77' title='bbox 1121 1259 1133 1290; x_wconf 77' lang='lat' dir='ltr'>e</span> <span class='ocrx_word' id='word_1_78' title='bbox 1149 1239 1169 1292; x_wconf 81' lang='grc' dir='ltr'>Α</span> <span class='ocrx_word' id='word_1_79' title='bbox 1185 1255 1226 1293; x_wconf 89' lang='lat' dir='ltr'>ces</span> <span class='ocrx_word' id='word_1_80' title='bbox 1242 1244 1320 1304; x_wconf 83' lang='lat' dir='ltr'>mets,</span> 
     </span>
     <span class='ocr_line' id='line_1_9' title="bbox 371 1330 1323 1406; baseline -0.001 -19"><span class='ocrx_word' id='word_1_81' title='bbox 371 1332 480 1389; x_wconf 80' lang='lat' dir='ltr'>ssorote</span> <span class='ocrx_word' id='word_1_82' title='bbox 494 1333 527 1388; x_wconf 87' lang='lat' dir='ltr'>de</span> <span class='ocrx_word' id='word_1_83' title='bbox 542 1330 655 1387; x_wconf 88' lang='lat' dir='ltr'>i&#39;encens</span> <span class='ocrx_word' id='word_1_84' title='bbox 665 1348 712 1388; x_wconf 88' lang='lat' dir='ltr'>sur</span> <span class='ocrx_word' id='word_1_85' title='bbox 724 1349 761 1386; x_wconf 92' lang='lat' dir='ltr'>un</span> <span class='ocrx_word' id='word_1_86' title='bbox 775 1333 844 1387; x_wconf 87' lang='lat' dir='ltr'>autel</span> <span class='ocrx_word' id='word_1_87' title='bbox 860 1331 892 1386; x_wconf 91' lang='lat' dir='ltr'>de</span> <span class='ocrx_word' id='word_1_88' title='bbox 906 1347 994 1402; x_wconf 78' lang='lat' dir='ltr'>garon,</span> <span class='ocrx_word' id='word_1_89' title='bbox 1006 1348 1079 1388; x_wconf 86' lang='lat' dir='ltr'>verse</span> <span class='ocrx_word' id='word_1_90' title='bbox 1090 1333 1127 1387; x_wconf 88' lang='lat' dir='ltr'>du</span> <span class='ocrx_word' id='word_1_91' title='bbox 1140 1332 1184 1386; x_wconf 87' lang='lat' dir='ltr'>vin</span> <span class='ocrx_word' id='word_1_92' title='bbox 1196 1332 1259 1406; x_wconf 89' lang='lat' dir='ltr'>dans</span> <span class='ocrx_word' id='word_1_93' title='bbox 1270 1347 1323 1386; x_wconf 88' lang='lat' dir='ltr'>une</span> 
     </span>
     <span class='ocr_line' id='line_1_10' title="bbox 372 1424 1322 1498; baseline -0.002 -17"><span class='ocrx_word' id='word_1_94' title='bbox 372 1444 464 1498; x_wconf 87' lang='lat' dir='ltr'>coupe,</span> <span class='ocrx_word' id='word_1_95' title='bbox 480 1425 589 1481; x_wconf 85' lang='lat' dir='ltr'>immolo</span> <span class='ocrx_word' id='word_1_96' title='bbox 599 1425 645 1480; x_wconf 91' lang='lat' dir='ltr'>des</span> <span class='ocrx_word' id='word_1_97' title='bbox 658 1424 745 1479; x_wconf 91' lang='lat' dir='ltr'>brebis</span> <span class='ocrx_word' id='word_1_98' title='bbox 763 1431 789 1480; x_wconf 89' lang='lat' dir='ltr'>et</span> <span class='ocrx_word' id='word_1_99' title='bbox 801 1424 914 1479; x_wconf 87' lang='lat' dir='ltr'>cherohe</span> <span class='ocrx_word' id='word_1_100' title='bbox 931 1441 984 1480; x_wconf 89' lang='lat' dir='ltr'>unc</span> <span class='ocrx_word' id='word_1_101' title='bbox 998 1425 1153 1496; x_wconf 79' lang='lat' dir='ltr'>explicatior</span> <span class='ocrx_word' id='word_1_102' title='bbox 1167 1424 1232 1480; x_wconf 89' lang='lat' dir='ltr'>dans</span> <span class='ocrx_word' id='word_1_103' title='bbox 1250 1425 1322 1480; x_wconf 89' lang='lat' dir='ltr'>leurs</span> 
     </span>
     <span class='ocr_line' id='line_1_11' title="bbox 373 1501 1321 1589; baseline -0.001 -16"><span class='ocrx_word' id='word_1_104' title='bbox 373 1501 504 1573; x_wconf 85' lang='lat' dir='ltr'>entrailles</span> <span class='ocrx_word' id='word_1_105' title='bbox 517 1517 682 1589; x_wconf 73' lang='lat' dir='ltr'><strong>palpitantes.</strong></span> <span class='ocrx_word' id='word_1_106' title='bbox 693 1515 838 1588; x_wconf 83' lang='lat' dir='ltr'>L&#39;aruspice</span> <span class='ocrx_word' id='word_1_107' title='bbox 851 1517 1001 1588; x_wconf 71' lang='lat' dir='ltr'>tyrrhenien</span> <span class='ocrx_word' id='word_1_108' title='bbox 1014 1519 1053 1573; x_wconf 87' lang='lat' dir='ltr'>les</span> <span class='ocrx_word' id='word_1_109' title='bbox 1067 1519 1185 1572; x_wconf 82' lang='lat' dir='ltr'><strong>examine</strong></span> <span class='ocrx_word' id='word_1_110' title='bbox 1198 1533 1261 1572; x_wconf 84' lang='lat' dir='ltr'>aree</span> <span class='ocrx_word' id='word_1_111' title='bbox 1274 1517 1321 1582; x_wconf 82' lang='lat' dir='ltr'>lui,</span> 
     </span>
     <span class='ocr_line' id='line_1_12' title="bbox 374 1609 1321 1680; baseline -0.003 -14"><span class='ocrx_word' id='word_1_112' title='bbox 374 1616 401 1667; x_wconf 89' lang='lat' dir='ltr'>et</span> <span class='ocrx_word' id='word_1_113' title='bbox 414 1611 540 1667; x_wconf 76' lang='lat' dir='ltr'>ddcourre</span> <span class='ocrx_word' id='word_1_114' title='bbox 554 1611 619 1666; x_wconf 85' lang='lat' dir='ltr'>dans</span> <span class='ocrx_word' id='word_1_115' title='bbox 629 1610 736 1665; x_wconf 84' lang='lat' dir='ltr'>l&#39;avenir</span> <span class='ocrx_word' id='word_1_116' title='bbox 747 1609 779 1664; x_wconf 89' lang='lat' dir='ltr'>de</span> <span class='ocrx_word' id='word_1_117' title='bbox 792 1611 887 1680; x_wconf 82' lang='lat' dir='ltr'><strong>grands</strong></span> <span class='ocrx_word' id='word_1_118' title='bbox 907 1610 1074 1666; x_wconf 78' lang='lat' dir='ltr'>evenements</span> <span class='ocrx_word' id='word_1_119' title='bbox 1091 1626 1185 1666; x_wconf 82' lang='lat' dir='ltr'>encore</span> <span class='ocrx_word' id='word_1_120' title='bbox 1202 1611 1321 1666; x_wconf 90' lang='lat' dir='ltr'>obscurs.</span> 
     </span>
     <span class='ocr_line' id='line_1_13' title="bbox 366 1700 1322 1776; baseline 0.001 -18"><span class='ocrx_word' id='word_1_121' title='bbox 366 1700 441 1769; x_wconf 87' lang='lat' dir='ltr'>·Puis,</span> <span class='ocrx_word' id='word_1_122' title='bbox 451 1704 499 1763; x_wconf 86' lang='lat' dir='ltr'>des</span> <span class='ocrx_word' id='word_1_123' title='bbox 508 1703 587 1759; x_wconf 83' lang='lat' dir='ltr'>fibres</span> <span class='ocrx_word' id='word_1_124' title='bbox 596 1705 628 1759; x_wconf 93' lang='lat' dir='ltr'>de</span> <span class='ocrx_word' id='word_1_125' title='bbox 636 1704 661 1759; x_wconf 87' lang='lat' dir='ltr'>la</span> <span class='ocrx_word' id='word_1_126' title='bbox 670 1703 774 1758; x_wconf 81' lang='lat' dir='ltr'><strong>victime</strong></span> <span class='ocrx_word' id='word_1_127' title='bbox 782 1708 886 1773; x_wconf 88' lang='lat' dir='ltr'>portant</span> <span class='ocrx_word' id='word_1_128' title='bbox 898 1720 937 1759; x_wconf 95' lang='lat' dir='ltr'>un</span> <span class='ocrx_word' id='word_1_129' title='bbox 947 1704 1040 1776; x_wconf 81' lang='lat' dir='ltr'>regard</span> <span class='ocrx_word' id='word_1_130' title='bbox 1049 1710 1156 1775; x_wconf 74' lang='lat' dir='ltr'>percant</span> <span class='ocrx_word' id='word_1_131' title='bbox 1170 1721 1216 1759; x_wconf 87' lang='lat' dir='ltr'>sur</span> <span class='ocrx_word' id='word_1_132' title='bbox 1227 1702 1304 1775; x_wconf 81' lang='lat' dir='ltr'>Cipus</span> <span class='ocrx_word' id='word_1_133' title='bbox 1314 1718 1322 1759; x_wconf 92' lang='lat'>:</span> 
     </span>
     <span class='ocr_line' id='line_1_14' title="bbox 376 1795 1325 1862; baseline 0.005 -14"><span class='ocrx_word' id='word_1_134' title='bbox 376 1797 464 1861; x_wconf 73' lang='grc' dir='ltr'>«Βοί,</span> <span class='ocrx_word' id='word_1_135' title='bbox 485 1799 567 1854; x_wconf 84' lang='lat' dir='ltr'>saluti</span> <span class='ocrx_word' id='word_1_136' title='bbox 589 1796 668 1853; x_wconf 90' lang='lat' dir='ltr'>dit-it.</span> <span class='ocrx_word' id='word_1_137' title='bbox 692 1796 749 1862; x_wconf 87' lang='lat' dir='ltr'>Oui,</span> <span class='ocrx_word' id='word_1_138' title='bbox 768 1811 797 1850; x_wconf 90' lang='lat' dir='ltr'>oe</span> <span class='ocrx_word' id='word_1_139' title='bbox 812 1795 867 1851; x_wconf 92' lang='lat' dir='ltr'>lieu</span> <span class='ocrx_word' id='word_1_140' title='bbox 880 1802 907 1852; x_wconf 89' lang='lat' dir='ltr'>et</span> <span class='ocrx_word' id='word_1_141' title='bbox 919 1798 956 1852; x_wconf 90' lang='lat' dir='ltr'>les</span> <span class='ocrx_word' id='word_1_142' title='bbox 967 1797 1040 1852; x_wconf 86' lang='lat' dir='ltr'>vities</span> <span class='ocrx_word' id='word_1_143' title='bbox 1059 1797 1095 1851; x_wconf 89' lang='lat' dir='ltr'>du</span> <span class='ocrx_word' id='word_1_144' title='bbox 1113 1796 1215 1852; x_wconf 88' lang='lat' dir='ltr'>Latium</span> <span class='ocrx_word' id='word_1_145' title='bbox 1234 1803 1325 1853; x_wconf 85' lang='lat' dir='ltr'>seront</span> 
     </span>
     <span class='ocr_line' id='line_1_15' title="bbox 374 1887 1324 1959; baseline 0.002 -16"><span class='ocrx_word' id='word_1_146' title='bbox 374 1888 501 1945; x_wconf 75' lang='lat' dir='ltr'>soumises</span> <span class='ocrx_word' id='word_1_147' title='bbox 511 1906 562 1945; x_wconf 86' lang='lat' dir='ltr'>aux</span> <span class='ocrx_word' id='word_1_148' title='bbox 575 1905 667 1945; x_wconf 86' lang='lat' dir='ltr'>comes</span> <span class='ocrx_word' id='word_1_149' title='bbox 684 1887 716 1944; x_wconf 87' lang='lat' dir='ltr'>de</span> <span class='ocrx_word' id='word_1_150' title='bbox 731 1895 778 1943; x_wconf 92' lang='lat' dir='ltr'>ton</span> <span class='ocrx_word' id='word_1_151' title='bbox 794 1887 875 1942; x_wconf 87' lang='lat' dir='ltr'>tront.</span> <span class='ocrx_word' id='word_1_152' title='bbox 894 1887 1007 1943; x_wconf 74' lang='lat' dir='ltr'>lidie-toi</span> <span class='ocrx_word' id='word_1_153' title='bbox 1017 1887 1051 1943; x_wconf 89' lang='lat' dir='ltr'>de</span> <span class='ocrx_word' id='word_1_154' title='bbox 1061 1887 1177 1943; x_wconf 86' lang='lat' dir='ltr'>tranchir</span> <span class='ocrx_word' id='word_1_155' title='bbox 1189 1889 1226 1944; x_wconf 89' lang='lat' dir='ltr'>tes</span> <span class='ocrx_word' id='word_1_156' title='bbox 1236 1896 1324 1959; x_wconf 87' lang='lat' dir='ltr'>portes</span> 
     </span>
     <span class='ocr_line' id='line_1_16' title="bbox 374 1981 1324 2051; baseline 0.001 -14"><span class='ocrx_word' id='word_1_157' title='bbox 374 1989 495 2039; x_wconf 85' lang='lat' dir='ltr'>ourertes</span> <span class='ocrx_word' id='word_1_158' title='bbox 503 1983 600 2040; x_wconf 84' lang='lat' dir='ltr'>devant</span> <span class='ocrx_word' id='word_1_159' title='bbox 608 1982 661 2039; x_wconf 82' lang='lat' dir='ltr'>toi:</span> <span class='ocrx_word' id='word_1_160' title='bbox 673 1982 709 2038; x_wconf 90' lang='lat' dir='ltr'>tel</span> <span class='ocrx_word' id='word_1_161' title='bbox 723 1987 765 2038; x_wconf 88' lang='lat' dir='ltr'>est</span> <span class='ocrx_word' id='word_1_162' title='bbox 778 1981 874 2037; x_wconf 86' lang='lat' dir='ltr'>l&#39;ordre</span> <span class='ocrx_word' id='word_1_163' title='bbox 885 1981 1029 2037; x_wconf 81' lang='lat' dir='ltr'>dultestin.</span> <span class='ocrx_word' id='word_1_164' title='bbox 1040 1981 1110 2051; x_wconf 70' lang='lat' dir='ltr'>Repu</span> <span class='ocrx_word' id='word_1_165' title='bbox 1119 1982 1184 2038; x_wconf 88' lang='lat' dir='ltr'>dans</span> <span class='ocrx_word' id='word_1_166' title='bbox 1194 1982 1286 2047; x_wconf 84' lang='lat' dir='ltr'>Rome,</span> <span class='ocrx_word' id='word_1_167' title='bbox 1296 1990 1324 2038; x_wconf 90' lang='lat' dir='ltr'>tu</span> 
     </span>
     <span class='ocr_line' id='line_1_17' title="bbox 374 2073 1323 2148; baseline -0.001 -17"><span class='ocrx_word' id='word_1_168' title='bbox 374 2091 444 2131; x_wconf 87' lang='lat' dir='ltr'>seras</span> <span class='ocrx_word' id='word_1_169' title='bbox 452 2075 586 2148; x_wconf 80' lang='lat' dir='ltr'>proclamd-</span> <span class='ocrx_word' id='word_1_170' title='bbox 592 2076 642 2142; x_wconf 90' lang='lat' dir='ltr'>roi,</span> <span class='ocrx_word' id='word_1_171' title='bbox 653 2080 680 2131; x_wconf 90' lang='lat' dir='ltr'>et</span> <span class='ocrx_word' id='word_1_172' title='bbox 688 2079 718 2129; x_wconf 89' lang='lat' dir='ltr'>tu</span> <span class='ocrx_word' id='word_1_173' title='bbox 725 2080 841 2145; x_wconf 86' lang='lat' dir='ltr'>porteras</span> <span class='ocrx_word' id='word_1_174' title='bbox 849 2091 885 2130; x_wconf 91' lang='lat' dir='ltr'>un</span> <span class='ocrx_word' id='word_1_175' title='bbox 894 2080 997 2144; x_wconf 81' lang='lat' dir='ltr'>sceptro</span> <span class='ocrx_word' id='word_1_176' title='bbox 1005 2074 1113 2131; x_wconf 86' lang='lat' dir='ltr'>e&#39;ternel.</span> <span class='ocrx_word' id='word_1_177' title='bbox 1123 2094 1136 2126; x_wconf 77' lang='lat' dir='ltr'>s</span> <span class='ocrx_word' id='word_1_178' title='bbox 1146 2073 1221 2146; x_wconf 87' lang='lat' dir='ltr'>Cipus</span> <span class='ocrx_word' id='word_1_179' title='bbox 1228 2076 1323 2140; x_wconf 86' lang='lat' dir='ltr'>recuie,</span> 
     </span>
     <span class='ocr_line' id='line_1_18' title="bbox 373 2167 1325 2239; baseline -0.002 -14"><span class='ocrx_word' id='word_1_180' title='bbox 373 2177 411 2233; x_wconf 87' lang='lat' dir='ltr'>et,</span> <span class='ocrx_word' id='word_1_181' title='bbox 427 2171 585 2225; x_wconf 76' lang='lat' dir='ltr'>detoumant</span> <span class='ocrx_word' id='word_1_182' title='bbox 602 2169 634 2224; x_wconf 89' lang='lat' dir='ltr'>de</span> <span class='ocrx_word' id='word_1_183' title='bbox 649 2169 732 2223; x_wconf 86' lang='lat' dir='ltr'>Rome</span> <span class='ocrx_word' id='word_1_184' title='bbox 745 2183 786 2222; x_wconf 91' lang='lat' dir='ltr'>ses</span> <span class='ocrx_word' id='word_1_185' title='bbox 796 2167 933 2222; x_wconf 86' lang='lat' dir='ltr'>tarouches</span> <span class='ocrx_word' id='word_1_186' title='bbox 945 2167 1067 2238; x_wconf 86' lang='lat' dir='ltr'>regards:</span> <span class='ocrx_word' id='word_1_187' title='bbox 1082 2187 1094 2218; x_wconf 76' lang='lat' dir='ltr'>a</span> <span class='ocrx_word' id='word_1_188' title='bbox 1109 2169 1163 2223; x_wconf 83' lang='lat' dir='ltr'>dh!</span> <span class='ocrx_word' id='word_1_189' title='bbox 1178 2168 1325 2239; x_wconf 80' lang='lat' dir='ltr'>repond-ii,</span> 
     </span>
     <span class='ocr_line' id='line_1_19' title="bbox 374 2257 1327 2332; baseline -0.002 -14"><span class='ocrx_word' id='word_1_190' title='bbox 374 2279 427 2332; x_wconf 88' lang='lat' dir='ltr'>que</span> <span class='ocrx_word' id='word_1_191' title='bbox 441 2263 479 2318; x_wconf 89' lang='lat' dir='ltr'>les</span> <span class='ocrx_word' id='word_1_192' title='bbox 491 2263 569 2319; x_wconf 83' lang='lat' dir='ltr'>dieux</span> <span class='ocrx_word' id='word_1_193' title='bbox 580 2261 715 2331; x_wconf 78' lang='lat' dir='ltr'>eloignent</span> <span class='ocrx_word' id='word_1_194' title='bbox 731 2259 764 2314; x_wconf 90' lang='lat' dir='ltr'>de</span> <span class='ocrx_word' id='word_1_195' title='bbox 777 2257 830 2314; x_wconf 93' lang='lat' dir='ltr'>moi</span> <span class='ocrx_word' id='word_1_196' title='bbox 839 2274 883 2313; x_wconf 88' lang='lat' dir='ltr'>ces</span> <span class='ocrx_word' id='word_1_197' title='bbox 892 2259 1027 2330; x_wconf 80' lang='lat' dir='ltr'>presages!</span> <span class='ocrx_word' id='word_1_198' title='bbox 1043 2260 1097 2322; x_wconf 77' lang='lat' dir='ltr'>(ine</span> <span class='ocrx_word' id='word_1_199' title='bbox 1108 2276 1152 2316; x_wconf 93' lang='lat' dir='ltr'>ma</span> <span class='ocrx_word' id='word_1_200' title='bbox 1164 2260 1206 2316; x_wconf 84' lang='lat' dir='ltr'>vie</span> <span class='ocrx_word' id='word_1_201' title='bbox 1215 2259 1327 2316; x_wconf 77' lang='lat' dir='ltr'>s’dooule</span> 
     </span>
    </p>
   </div>
   <div class='ocr_carea' id='block_1_3' title="bbox 427 2456 1192 4002">
    <p class='ocr_par' dir='ltr' id='par_1_3' title="bbox 481 2456 1192 3151">
     <span class='ocr_line' id='line_1_20' title="bbox 482 2456 1010 2514; baseline -0.008 -9"><span class='ocrx_word' id='word_1_202' title='bbox 482 2460 532 2505; x_wconf 75' lang='lat' dir='ltr'>Esse</span> <span class='ocrx_word' id='word_1_203' title='bbox 545 2461 616 2512; x_wconf 84' lang='lat' dir='ltr'>tidem,</span> <span class='ocrx_word' id='word_1_204' title='bbox 631 2458 705 2514; x_wconf 80' lang='lat' dir='ltr'><strong>digitis</strong></span> <span class='ocrx_word' id='word_1_205' title='bbox 716 2457 743 2503; x_wconf 86' lang='lat' dir='ltr'>ad</span> <span class='ocrx_word' id='word_1_206' title='bbox 756 2456 851 2502; x_wconf 81' lang='lat' dir='ltr'>frontem</span> <span class='ocrx_word' id='word_1_207' title='bbox 861 2470 917 2513; x_wconf 79' lang='lat' dir='ltr'>sepe</span> <span class='ocrx_word' id='word_1_208' title='bbox 928 2457 1010 2510; x_wconf 83' lang='lat' dir='ltr'>relatis,</span> 
     </span>
     <span class='ocr_line' id='line_1_21' title="bbox 482 2528 1084 2586; baseline -0.007 -10"><span class='ocrx_word' id='word_1_209' title='bbox 482 2537 549 2583; x_wconf 74' lang='lat' dir='ltr'>Quem</span> <span class='ocrx_word' id='word_1_210' title='bbox 563 2533 626 2583; x_wconf 87' lang='lat' dir='ltr'>vidit,</span> <span class='ocrx_word' id='word_1_211' title='bbox 639 2530 717 2586; x_wconf 79' lang='lat' dir='ltr'>tetigit;</span> <span class='ocrx_word' id='word_1_212' title='bbox 730 2542 770 2573; x_wconf 85' lang='lat' dir='ltr'>neo</span> <span class='ocrx_word' id='word_1_213' title='bbox 779 2530 825 2584; x_wconf 85' lang='lat' dir='ltr'>jam</span> <span class='ocrx_word' id='word_1_214' title='bbox 836 2541 876 2572; x_wconf 90' lang='lat' dir='ltr'>sua</span> <span class='ocrx_word' id='word_1_215' title='bbox 885 2528 968 2572; x_wconf 85' lang='lat' dir='ltr'>lumina</span> <span class='ocrx_word' id='word_1_216' title='bbox 979 2528 1084 2585; x_wconf 81' lang='lat' dir='ltr'>damnans</span> 
     </span>
     <span class='ocr_line' id='line_1_22' title="bbox 483 2599 1024 2653; baseline -0.002 -8"><span class='ocrx_word' id='word_1_217' title='bbox 483 2603 574 2653; x_wconf 76' lang='lat' dir='ltr'>Restitit,</span> <span class='ocrx_word' id='word_1_218' title='bbox 588 2608 611 2644; x_wconf 86' lang='lat' dir='ltr'>ut</span> <span class='ocrx_word' id='word_1_219' title='bbox 623 2603 692 2644; x_wconf 86' lang='lat' dir='ltr'>victor</span> <span class='ocrx_word' id='word_1_220' title='bbox 703 2601 785 2644; x_wconf 89' lang='lat' dir='ltr'>domito</span> <span class='ocrx_word' id='word_1_221' title='bbox 797 2599 907 2643; x_wconf 75' lang='lat' dir='ltr'>remeabat</span> <span class='ocrx_word' id='word_1_222' title='bbox 918 2599 945 2643; x_wconf 90' lang='lat' dir='ltr'>ab</span> <span class='ocrx_word' id='word_1_223' title='bbox 957 2599 1024 2644; x_wconf 85' lang='lat' dir='ltr'>hoste.</span> 
     </span>
     <span class='ocr_line' id='line_1_23' title="bbox 484 2662 1192 2727; baseline -0.004 -13"><span class='ocrx_word' id='word_1_224' title='bbox 484 2669 513 2714; x_wconf 78' lang='lat' dir='ltr'>td</span> <span class='ocrx_word' id='word_1_225' title='bbox 525 2673 646 2727; x_wconf 75' lang='lat' dir='ltr'>cretumque</span> <span class='ocrx_word' id='word_1_226' title='bbox 657 2670 738 2723; x_wconf 86' lang='lat' dir='ltr'>oculos,</span> <span class='ocrx_word' id='word_1_227' title='bbox 752 2676 774 2713; x_wconf 88' lang='lat' dir='ltr'>ot</span> <span class='ocrx_word' id='word_1_228' title='bbox 785 2668 860 2711; x_wconf 88' lang='lat' dir='ltr'>eodem</span> <span class='ocrx_word' id='word_1_229' title='bbox 871 2668 960 2712; x_wconf 85' lang='lat' dir='ltr'>brachia</span> <span class='ocrx_word' id='word_1_230' title='bbox 975 2669 1069 2712; x_wconf 86' lang='lat' dir='ltr'>tollens:</span> <span class='ocrx_word' id='word_1_231' title='bbox 1145 2662 1147 2666; x_wconf 36' lang='lat'><strong>¹</strong></span> <span class='ocrx_word' id='word_1_232' title='bbox 1182 2670 1192 2683; x_wconf 81' lang='grc'><em>“</em></span> 
     </span>
     <span class='ocr_line' id='line_1_24' title="bbox 484 2737 1102 2796; baseline 0.002 -14"><span class='ocrx_word' id='word_1_233' title='bbox 484 2762 494 2782; x_wconf 82' lang='lat'>«</span> <span class='ocrx_word' id='word_1_234' title='bbox 509 2741 624 2796; x_wconf 64' lang='lat' dir='ltr'>Quidquid,</span> <span class='ocrx_word' id='word_1_235' title='bbox 636 2741 675 2793; x_wconf 86' lang='lat' dir='ltr'>ait,</span> <span class='ocrx_word' id='word_1_236' title='bbox 687 2738 774 2795; x_wconf 83' lang='lat' dir='ltr'>Superi,</span> <span class='ocrx_word' id='word_1_237' title='bbox 789 2745 886 2782; x_wconf 89' lang='lat' dir='ltr'>monstro</span> <span class='ocrx_word' id='word_1_238' title='bbox 898 2737 1037 2795; x_wconf 87' lang='lat' dir='ltr'>portenditur</span> <span class='ocrx_word' id='word_1_239' title='bbox 1051 2740 1102 2793; x_wconf 81' lang='lat' dir='ltr'>isto,</span> 
     </span>
     <span class='ocr_line' id='line_1_25' title="bbox 481 2809 1087 2866; baseline -0.007 -10"><span class='ocrx_word' id='word_1_240' title='bbox 481 2814 522 2856; x_wconf 75' lang='lat' dir='ltr'>Seu</span> <span class='ocrx_word' id='word_1_241' title='bbox 534 2813 608 2853; x_wconf 84' lang='lat' dir='ltr'>laetum</span> <span class='ocrx_word' id='word_1_242' title='bbox 620 2816 661 2863; x_wconf 87' lang='lat' dir='ltr'>est,</span> <span class='ocrx_word' id='word_1_243' title='bbox 672 2810 747 2866; x_wconf 66' lang='lat' dir='ltr'>patrio,¹</span> <span class='ocrx_word' id='word_1_244' title='bbox 759 2810 841 2861; x_wconf 72' lang='lat' dir='ltr'>lotum,</span> <span class='ocrx_word' id='word_1_245' title='bbox 854 2810 978 2866; x_wconf 79' lang='lat' dir='ltr'>populoque</span> <span class='ocrx_word' id='word_1_246' title='bbox 991 2809 1087 2862; x_wconf 76' lang='lat' dir='ltr'>Quirini3</span> 
     </span>
     <span class='ocr_line' id='line_1_26' title="bbox 481 2878 1081 2938; baseline -0.005 -10"><span class='ocrx_word' id='word_1_247' title='bbox 481 2885 529 2928; x_wconf 81' lang='lat' dir='ltr'>Sive</span> <span class='ocrx_word' id='word_1_248' title='bbox 540 2884 619 2934; x_wconf 88' lang='lat' dir='ltr'>minax,</span> <span class='ocrx_word' id='word_1_249' title='bbox 633 2882 688 2924; x_wconf 91' lang='lat' dir='ltr'>mihi</span> <span class='ocrx_word' id='word_1_250' title='bbox 699 2880 739 2924; x_wconf 84' lang='lat' dir='ltr'>sit!</span> <span class='ocrx_word' id='word_1_251' title='bbox 750 2899 760 2921; x_wconf 76' lang='grc' dir='ltr'><strong><em>ι</em></strong></span> <span class='ocrx_word' id='word_1_252' title='bbox 773 2880 886 2936; x_wconf 73' lang='lat' dir='ltr'>viridique</span> <span class='ocrx_word' id='word_1_253' title='bbox 897 2894 910 2924; x_wconf 87' lang='lat' dir='ltr'>e</span> <span class='ocrx_word' id='word_1_254' title='bbox 921 2878 1003 2938; x_wconf 79' lang='lat' dir='ltr'>cespite</span> <span class='ocrx_word' id='word_1_255' title='bbox 1014 2882 1081 2925; x_wconf 81' lang='lat' dir='ltr'>tactas</span> 
     </span>
     <span class='ocr_line' id='line_1_27' title="bbox 482 2952 942 3008; baseline 0.002 -13"><span class='ocrx_word' id='word_1_256' title='bbox 482 2953 554 2998; x_wconf 84' lang='lat' dir='ltr'>Ptaoat</span> <span class='ocrx_word' id='word_1_257' title='bbox 565 2954 659 2998; x_wconf 87' lang='lat' dir='ltr'>odoratis</span> <span class='ocrx_word' id='word_1_258' title='bbox 670 2952 774 2996; x_wconf 81' lang='lat' dir='ltr'>herbosas</span> <span class='ocrx_word' id='word_1_259' title='bbox 787 2953 873 3008; x_wconf 83' lang='lat' dir='ltr'><strong>ignibus</strong></span> <span class='ocrx_word' id='word_1_260' title='bbox 885 2962 942 3007; x_wconf 85' lang='lat' dir='ltr'>aras,</span> 
     </span>
     <span class='ocr_line' id='line_1_28' title="bbox 483 3022 1061 3080; baseline 0 -14"><span class='ocrx_word' id='word_1_261' title='bbox 483 3025 578 3079; x_wconf 81' lang='lat' dir='ltr'>Vinaque</span> <span class='ocrx_word' id='word_1_262' title='bbox 591 3025 627 3067; x_wconf 82' lang='lat' dir='ltr'>dat</span> <span class='ocrx_word' id='word_1_263' title='bbox 641 3024 729 3080; x_wconf 88' lang='lat' dir='ltr'>pateris,</span> <span class='ocrx_word' id='word_1_264' title='bbox 741 3028 929 3078; x_wconf 75' lang='lat' dir='ltr'>mactatarumque</span> <span class='ocrx_word' id='word_1_265' title='bbox 940 3022 1061 3076; x_wconf 85' lang='lat' dir='ltr'>bidentum,</span> 
     </span>
     <span class='ocr_line' id='line_1_29' title="bbox 482 3094 1054 3151; baseline 0 -12"><span class='ocrx_word' id='word_1_266' title='bbox 482 3097 537 3145; x_wconf 78' lang='lat' dir='ltr'>Quid</span> <span class='ocrx_word' id='word_1_267' title='bbox 546 3096 589 3139; x_wconf 88' lang='lat' dir='ltr'>sibi</span> <span class='ocrx_word' id='word_1_268' title='bbox 603 3094 732 3151; x_wconf 81' lang='lat' dir='ltr'>significent,</span> <span class='ocrx_word' id='word_1_269' title='bbox 747 3095 877 3150; x_wconf 77' lang='lat' dir='ltr'>trepidantia</span> <span class='ocrx_word' id='word_1_270' title='bbox 890 3096 985 3139; x_wconf 85' lang='lat' dir='ltr'>consulit</span> <span class='ocrx_word' id='word_1_271' title='bbox 998 3103 1054 3139; x_wconf 74' lang='lat' dir='ltr'>exta.</span> 
     </span>
    </p>

    <p class='ocr_par' dir='ltr' id='par_1_4' title="bbox 427 3167 1117 3788">
     <span class='ocr_line' id='line_1_30' title="bbox 427 3167 1043 3224; baseline 0.002 -15"><span class='ocrx_word' id='word_1_272' title='bbox 427 3202 431 3209; x_wconf 91' lang='lat'>.</span> <span class='ocrx_word' id='word_1_273' title='bbox 483 3169 533 3217; x_wconf 75' lang='lat' dir='ltr'>Quae</span> <span class='ocrx_word' id='word_1_274' title='bbox 543 3167 608 3209; x_wconf 84' lang='lat' dir='ltr'>simul</span> <span class='ocrx_word' id='word_1_275' title='bbox 619 3168 713 3222; x_wconf 82' lang='lat' dir='ltr'>inspexit</span> <span class='ocrx_word' id='word_1_276' title='bbox 726 3168 832 3224; x_wconf 71' lang='lat' dir='ltr'>tyrrhena&gt;</span> <span class='ocrx_word' id='word_1_277' title='bbox 844 3169 915 3222; x_wconf 84' lang='lat' dir='ltr'>gentis</span> <span class='ocrx_word' id='word_1_278' title='bbox 929 3168 1043 3223; x_wconf 77' lang='lat' dir='ltr'>haruspex,</span> 
     </span>
     <span class='ocr_line' id='line_1_31' title="bbox 483 3235 1028 3293; baseline 0.002 -14"><span class='ocrx_word' id='word_1_279' title='bbox 483 3236 557 3293; x_wconf 82' lang='lat' dir='ltr'>itagna</span> <span class='ocrx_word' id='word_1_280' title='bbox 568 3237 656 3292; x_wconf 88' lang='lat' dir='ltr'>quidem</span> <span class='ocrx_word' id='word_1_281' title='bbox 667 3249 741 3279; x_wconf 87' lang='lat' dir='ltr'>rerum</span> <span class='ocrx_word' id='word_1_282' title='bbox 752 3235 866 3278; x_wconf 86' lang='lat' dir='ltr'>molimina</span> <span class='ocrx_word' id='word_1_283' title='bbox 877 3236 931 3278; x_wconf 83' lang='lat' dir='ltr'>vidit</span> <span class='ocrx_word' id='word_1_284' title='bbox 942 3239 965 3279; x_wconf 88' lang='lat' dir='ltr'>in</span> <span class='ocrx_word' id='word_1_285' title='bbox 977 3237 1028 3289; x_wconf 91' lang='lat' dir='ltr'>illis,</span> 
     </span>
     <span class='ocr_line' id='line_1_32' title="bbox 483 3307 1052 3356; baseline -0.002 -5"><span class='ocrx_word' id='word_1_286' title='bbox 483 3309 529 3351; x_wconf 86' lang='lat' dir='ltr'>tt&#39;on</span> <span class='ocrx_word' id='word_1_287' title='bbox 541 3307 655 3351; x_wconf 78' lang='lat' dir='ltr'>manifesta</span> <span class='ocrx_word' id='word_1_288' title='bbox 665 3314 745 3351; x_wconf 67' lang='lat' dir='ltr'>umen.</span> <span class='ocrx_word' id='word_1_289' title='bbox 758 3309 828 3356; x_wconf 75' lang='lat' dir='ltr'>Quum</span> <span class='ocrx_word' id='word_1_290' title='bbox 839 3314 891 3349; x_wconf 83' lang='lat' dir='ltr'>vero</span> <span class='ocrx_word' id='word_1_291' title='bbox 901 3308 992 3350; x_wconf 84' lang='lat' dir='ltr'>sustulit</span> <span class='ocrx_word' id='word_1_292' title='bbox 1004 3320 1052 3351; x_wconf 88' lang='lat' dir='ltr'>aere</span> 
     </span>
     <span class='ocr_line' id='line_1_33' title="bbox 484 3364 986 3433; baseline 0.002 -13"><span class='ocrx_word' id='word_1_293' title='bbox 484 3380 499 3420; x_wconf 80' lang='grc' dir='ltr'><strong>Α</strong></span> <span class='ocrx_word' id='word_1_294' title='bbox 512 3380 621 3433; x_wconf 87' lang='lat' dir='ltr'>pecudum</span> <span class='ocrx_word' id='word_1_295' title='bbox 632 3377 692 3420; x_wconf 88' lang='lat' dir='ltr'>tibris</span> <span class='ocrx_word' id='word_1_296' title='bbox 704 3377 730 3420; x_wconf 89' lang='lat' dir='ltr'>ad</span> <span class='ocrx_word' id='word_1_297' title='bbox 745 3376 791 3430; x_wconf 85' lang='lat' dir='ltr'>Cipi</span> <span class='ocrx_word' id='word_1_298' title='bbox 803 3381 884 3419; x_wconf 78' lang='lat' dir='ltr'>cornua</span> <span class='ocrx_word' id='word_1_299' title='bbox 897 3364 986 3421; x_wconf 81' lang='lat' dir='ltr'>lumen:</span> 
     </span>
     <span class='ocr_line' id='line_1_34' title="bbox 486 3447 1084 3505; baseline 0.003 -16"><span class='ocrx_word' id='word_1_300' title='bbox 486 3458 495 3488; x_wconf 78' lang='lat' dir='ltr'>a</span> <span class='ocrx_word' id='word_1_301' title='bbox 509 3449 558 3501; x_wconf 83' lang='lat' dir='ltr'>Rex,</span> <span class='ocrx_word' id='word_1_302' title='bbox 571 3449 609 3501; x_wconf 85' lang='lat' dir='ltr'>ait,</span> <span class='ocrx_word' id='word_1_303' title='bbox 624 3462 636 3491; x_wconf 97' lang='lat' dir='ltr'>o</span> <span class='ocrx_word' id='word_1_304' title='bbox 651 3448 718 3490; x_wconf 83' lang='lat' dir='ltr'>salve!</span> <span class='ocrx_word' id='word_1_305' title='bbox 732 3447 772 3489; x_wconf 88' lang='lat' dir='ltr'>tibi</span> <span class='ocrx_word' id='word_1_306' title='bbox 787 3448 853 3500; x_wconf 54' lang='lat' dir='ltr'>enim,</span> <span class='ocrx_word' id='word_1_307' title='bbox 868 3448 915 3500; x_wconf 62' lang='lat' dir='ltr'>tihi,</span> <span class='ocrx_word' id='word_1_308' title='bbox 928 3449 988 3505; x_wconf 80' lang='lat' dir='ltr'>Cipo,</span> <span class='ocrx_word' id='word_1_309' title='bbox 999 3448 1084 3504; x_wconf 82' lang='lat' dir='ltr'>tuisque</span> 
     </span>
     <span class='ocr_line' id='line_1_35' title="bbox 485 3518 1008 3575; baseline 0 -12"><span class='ocrx_word' id='word_1_310' title='bbox 485 3521 523 3563; x_wconf 81' lang='lat' dir='ltr'>uie</span> <span class='ocrx_word' id='word_1_311' title='bbox 533 3521 594 3563; x_wconf 87' lang='lat' dir='ltr'>loeus</span> <span class='ocrx_word' id='word_1_312' title='bbox 606 3526 627 3563; x_wconf 91' lang='lat' dir='ltr'>et</span> <span class='ocrx_word' id='word_1_313' title='bbox 639 3521 694 3562; x_wconf 73' lang='lat' dir='ltr'>latios</span> <span class='ocrx_word' id='word_1_314' title='bbox 706 3518 812 3575; x_wconf 84' lang='lat' dir='ltr'>patebunt</span> <span class='ocrx_word' id='word_1_315' title='bbox 826 3520 929 3563; x_wconf 82' lang='lat' dir='ltr'>cornibus</span> <span class='ocrx_word' id='word_1_316' title='bbox 940 3529 1008 3564; x_wconf 82' lang='lat' dir='ltr'>arces.</span> 
     </span>
     <span class='ocr_line' id='line_1_36' title="bbox 485 3590 1117 3647; baseline 0 -14"><span class='ocrx_word' id='word_1_317' title='bbox 485 3590 516 3634; x_wconf 79' lang='lat' dir='ltr'>&#39;iu</span> <span class='ocrx_word' id='word_1_318' title='bbox 529 3591 591 3634; x_wconf 92' lang='lat' dir='ltr'>modo</span> <span class='ocrx_word' id='word_1_319' title='bbox 601 3604 679 3646; x_wconf 86' lang='lat' dir='ltr'>rumpe</span> <span class='ocrx_word' id='word_1_320' title='bbox 691 3593 780 3638; x_wconf 82' lang='lat' dir='ltr'>moram,</span> <span class='ocrx_word' id='word_1_321' title='bbox 794 3591 910 3644; x_wconf 80' lang='lat' dir='ltr'>portasque</span> <span class='ocrx_word' id='word_1_322' title='bbox 924 3590 1006 3633; x_wconf 88' lang='lat' dir='ltr'>intrare</span> <span class='ocrx_word' id='word_1_323' title='bbox 1018 3591 1117 3647; x_wconf 80' lang='lat' dir='ltr'>putentes</span> 
     </span>
     <span class='ocr_line' id='line_1_37' title="bbox 485 3659 1105 3718; baseline 0 -14"><span class='ocrx_word' id='word_1_324' title='bbox 485 3664 615 3718; x_wconf 79' lang='lat' dir='ltr'>Approperu.</span> <span class='ocrx_word' id='word_1_325' title='bbox 627 3663 661 3705; x_wconf 84' lang='lat' dir='ltr'>Sic</span> <span class='ocrx_word' id='word_1_326' title='bbox 673 3665 716 3704; x_wconf 86' lang='lat' dir='ltr'>tata</span> <span class='ocrx_word' id='word_1_327' title='bbox 726 3659 817 3713; x_wconf 76' lang='lat' dir='ltr'>jubent3</span> <span class='ocrx_word' id='word_1_328' title='bbox 832 3669 925 3715; x_wconf 85' lang='lat' dir='ltr'>namquo</span> <span class='ocrx_word' id='word_1_329' title='bbox 939 3661 993 3704; x_wconf 87' lang='lat' dir='ltr'>Urbe</span> <span class='ocrx_word' id='word_1_330' title='bbox 1004 3667 1105 3717; x_wconf 85' lang='lat' dir='ltr'>receptus</span> 
     </span>
     <span class='ocr_line' id='line_1_38' title="bbox 486 3728 1019 3788; baseline -0.008 -13"><span class='ocrx_word' id='word_1_331' title='bbox 486 3732 528 3775; x_wconf 86' lang='lat' dir='ltr'>itex</span> <span class='ocrx_word' id='word_1_332' title='bbox 540 3734 590 3785; x_wconf 87' lang='lat' dir='ltr'>eris,</span> <span class='ocrx_word' id='word_1_333' title='bbox 603 3738 625 3775; x_wconf 90' lang='lat' dir='ltr'>ot</span> <span class='ocrx_word' id='word_1_334' title='bbox 638 3737 722 3788; x_wconf 83' lang='lat' dir='ltr'>sceptro</span> <span class='ocrx_word' id='word_1_335' title='bbox 733 3731 794 3771; x_wconf 89' lang='lat' dir='ltr'>tutus</span> <span class='ocrx_word' id='word_1_336' title='bbox 806 3728 888 3782; x_wconf 85' lang='lat' dir='ltr'>potiere</span> <span class='ocrx_word' id='word_1_337' title='bbox 899 3733 996 3785; x_wconf 85' lang='lat' dir='ltr'>perenni.</span> <span class='ocrx_word' id='word_1_338' title='bbox 1009 3747 1019 3771; x_wconf 84' lang='lat'><strong>»</strong></span> 
     </span>
    </p>

    <p class='ocr_par' dir='ltr' id='par_1_5' title="bbox 435 3802 1120 4002">
     <span class='ocr_line' id='line_1_39' title="bbox 435 3802 1073 3862; baseline 0 -15"><span class='ocrx_word' id='word_1_339' title='bbox 435 3805 438 3813; x_wconf 90' lang='grc'><strong>“</strong></span> <span class='ocrx_word' id='word_1_340' title='bbox 485 3802 622 3849; x_wconf 80' lang='lat' dir='ltr'>ltettulitifle</span> <span class='ocrx_word' id='word_1_341' title='bbox 634 3806 719 3862; x_wconf 86' lang='lat' dir='ltr'>pedem,</span> <span class='ocrx_word' id='word_1_342' title='bbox 732 3810 857 3856; x_wconf 83' lang='lat' dir='ltr'>torvamque</span> <span class='ocrx_word' id='word_1_343' title='bbox 872 3803 1002 3847; x_wconf 83' lang='lat' dir='ltr'>amoenibus</span> <span class='ocrx_word' id='word_1_344' title='bbox 1013 3802 1073 3847; x_wconf 76' lang='lat' dir='ltr'>urbis</span> 
     </span>
     <span class='ocr_line' id='line_1_40' title="bbox 485 3872 1120 3931; baseline 0.002 -10"><span class='ocrx_word' id='word_1_345' title='bbox 485 3879 588 3922; x_wconf 77' lang='lat' dir='ltr'>Avertens</span> <span class='ocrx_word' id='word_1_346' title='bbox 598 3876 690 3921; x_wconf 80' lang='lat' dir='ltr'>faciem:</span> <span class='ocrx_word' id='word_1_347' title='bbox 705 3892 715 3914; x_wconf 83' lang='lat'><strong>‹</strong></span> <span class='ocrx_word' id='word_1_348' title='bbox 727 3873 811 3925; x_wconf 85' lang='lat' dir='ltr'>Procul,</span> <span class='ocrx_word' id='word_1_349' title='bbox 826 3872 865 3915; x_wconf 82' lang='lat' dir='ltr'>ahi</span> <span class='ocrx_word' id='word_1_350' title='bbox 879 3874 954 3927; x_wconf 85' lang='lat' dir='ltr'>procui</span> <span class='ocrx_word' id='word_1_351' title='bbox 965 3876 1045 3930; x_wconf 84' lang='lat' dir='ltr'>omina,</span> <span class='ocrx_word' id='word_1_352' title='bbox 1057 3875 1120 3931; x_wconf 79' lang='lat' dir='ltr'>dixit.</span> 
     </span>
     <span class='ocr_line' id='line_1_41' title="bbox 487 3942 1038 4002; baseline 0.007 -13"><span class='ocrx_word' id='word_1_353' title='bbox 487 3944 545 3990; x_wconf 77' lang='lat' dir='ltr'>Talia</span> <span class='ocrx_word' id='word_1_354' title='bbox 557 3947 580 3990; x_wconf 89' lang='lat' dir='ltr'>di</span> <span class='ocrx_word' id='word_1_355' title='bbox 593 3946 682 4002; x_wconf 82' lang='lat' dir='ltr'>peltant,</span> <span class='ocrx_word' id='word_1_356' title='bbox 696 3943 809 3998; x_wconf 82' lang='lat' dir='ltr'>muttoque</span> <span class='ocrx_word' id='word_1_357' title='bbox 818 3954 858 3999; x_wconf 77' lang='lat' dir='ltr'>ogo</span> <span class='ocrx_word' id='word_1_358' title='bbox 871 3942 955 3998; x_wconf 85' lang='lat' dir='ltr'>justius</span> <span class='ocrx_word' id='word_1_359' title='bbox 968 3945 1038 3992; x_wconf 77' lang='lat' dir='ltr'>erudi</span> 
     </span>
    </p>
   </div>
   <div class='ocr_carea' id='block_1_4' title="bbox 0 0 1708 4675">
    <p class='ocr_par' dir='ltr' id='par_1_6' title="bbox 0 0 1708 4675">
     <span class='ocr_line' id='line_1_42' title="bbox 0 0 1708 4675; baseline 0 0"><span class='ocrx_word' id='word_1_360' title='bbox 0 0 1708 4675; x_wconf 95' lang='lat' dir='ltr'> </span> 
     </span>
    </p>
   </div>
  </div>
 </body>
</html>
