3384 4675
726 543 825 594 1111111
844 543 889 593 111.

570 786 661 826 onrorr
679 786 722 824 nsr
738 769 906 824 3335333313
925 786 955 825 m
978 785 1057 825 roros.

373 911 413 966 11.
433 911 505 966 hocs
516 917 595 974 mols,
606 909 727 964 Alcmene
739 909 853 980 soupire,
867 909 944 964 emue
960 925 993 964 33
1004 908 1126 965 souvenir
1138 909 1171 965 de
1185 925 1232 965 son
1247 927 1292 965 33-

334 1005 550 1062 3133333531333.
563 1003 614 1057 1313
631 1003 787 1073 mterrompt
801 1018 843 1057 ses
855 1002 1071 1071 gemissemenis:
1090 1003 1187 1058 30333
1200 1005 1288 1060 merei

330 1096 578 1167 51333533313333
597 1094 611 1148 3
630 1111 660 1150 33
676 1094 751 1165 point
770 1096 796 1149 h
813 1095 1028 1166 metamorphose
1046 1094 1125 1150 d'une
1144 1096 1289 1168 e'trangere,

336 1189 399 1262 quel
415 1204 472 1244 sera
491 1191 564 1242 rotre
579 1187 686 1257 chagrin
705 1203 740 1241 en
757 1194 900 1257 upprenant
919 1186 1044 1257 l'etrange
1066 1187 1183 1243 destinee
1202 1188 1234 1243 de
1248 1204 1292 1243 ma

335 1299 418 1348 soeur,
430 1298 531 1354 pourvu
545 1297 596 1353 que
609 1297 668 1335 mes
680 1281 775 1334 lormes
786 1285 813 1334 et
821 1295 864 1334 rna
875 1280 985 1335 douleur
996 1296 1030 1335 ne
1041 1279 1236 1352 m'empechent
1245 1296 1292 1351 pos

336 1376 371 1430 de
390 1377 415 1431 13
431 1380 562 1439 33333133,
580 1379 607 1428 31
625 1373 780 1428 n'eioufient
796 1389 842 1443 pas
864 1388 908 1426 ma
930 1372 1001 1428 voix!
1018 1373 1081 1429 Fihe
1095 1373 1194 1444 unique
1212 1372 1244 1427 de
1265 1390 1292 1428 53

335 1469 411 1522 mere
422 1466 515 1538 (J'elais
530 1467 555 1521 13
570 1465 635 1520 fruit
647 1466 710 1520 d'un
728 1466 841 1535 premier
859 1466 956 1536 hymen
971 1466 1077 1520 demon
1094 1467 1179 1538 pere),
1193 1468 1291 1539 Dryope
1330 1511 1339 1528 ,

336 1559 376 1614 fut
386 1559 411 1613 13
427 1558 520 1613 beaute
531 1558 555 1612 13
574 1550 632 1629 plus
647 1558 749 1613 celebre
763 1557 795 1611 de
813 1555 950 1610 l'OEchalie.
964 1555 997 1610 Le
1012 1556 1072 1610 dieu
1089 1556 1120 1610 de
1136 1558 1245 1626 Deiphes
1264 1565 1290 1614 et

336 1651 370 1705 de
383 1651 457 1707 De'ios
470 1651 537 1705 33311
547 1651 680 1720 1313333133
694 1649 727 1704 de
742 1666 771 1704 53
785 1649 889 1721 pudeur
902 1654 977 1703 arani
992 1649 1087 1719 qu'elle
1105 1649 1149 1703 eut
1164 1649 1251 1707 donne
1263 1667 1291 1707 53

335 1743 408 1796 moin
421 1743 436 1796 ir
454 1740 614 1807 1133333333,
628 1748 655 1796 et
673 1743 772 1796 chacun
788 1743 923 1797 1351133311
941 1741 1057 1796 heureux
1071 1740 1104 1795 de
1122 1739 1210 1796 l’avoir
1225 1759 1291 1812 pour

336 1835 443 1906 epouse.
457 1835 577 1890 1135133
593 1834 632 1889 133
644 1835 708 1889 (1331
727 1833 765 1889 135
779 1834 871 1898 hords,
886 1833 994 1888 inclines
1009 1848 1112 1888 comme
1122 1833 1148 1888 13
1159 1833 1244 1905 rivoge
1258 1834 1290 1890 de

320 1920 325 1927 ’
335 1924 361 1982 13
371 1943 437 1992 mer,
448 1933 507 1984 sont
516 1927 661 1983 couronnes
673 1928 705 1982 de
715 1934 821 1997 myrtos.
833 1927 898 1981 Sans
906 1927 1010 1999 prevoir
1020 1942 1048 1981 53
1059 1927 1181 1993 (13511313,
1192 1929 1289 1999 Dryope

337 2021 376 2091 s'y
390 2020 484 2087 rendit,
497 2028 523 2077 et
532 2020 573 2092 (ce
584 2020 630 2090 qui
642 2027 780 2090 augmento
795 2022 819 2076 13
831 2022 895 2092 pitie
907 2022 1052 2093 qu'inspire
1064 2039 1111 2079 533
1121 2025 1289 2080 malheureux

335 2112 464 2184 53313113
480 2113 634 2168 311311311ιὶ3
648 2113 694 2168 (135
711 2114 861 2184 guiriondes
874 2131 924 2169 aux
937 2115 1064 2187 Nymphes
1077 2117 1108 2172 de
1124 2134 1153 2172 oe
1171 2117 1220 2171 133.
1236 2117 1289 2172 11113

336 2207 432 2279 poriait
451 2223 497 2262 sur
515 2224 561 2262 son
580 2207 637 2288 5313
654 2223 690 2261 33
710 2207 778 2261 doux
798 2209 914 2274 sardeon,
935 2226 982 2265 son
1001 2211 1053 2275 1115,
1071 2211 1116 2281 qui
1134 2211 1227 2265 n'uvait
1244 2228 1288 2282 pas

336 2317 429 2356 encore
443 2290 850 2376 3333313331133333155311
867 2300 900 2356 de
915 2301 1027 2357 5331311.
1041 2301 1162 2359 11331313
1172 2303 1288 2360 croissoit

335 2394 360 2448 13
373 2394 446 2457 lotoe,
463 2394 515 2447 3331
529 2392 575 2448 des
593 2408 668 2459 3333,
684 2392 749 2447 dont
761 2393 799 2448 les
811 2394 892 2449 sseurs
905 2394 1026 2449 ecariotes
1042 2397 1226 2466 promehaieni
1242 2398 1287 2452 des

606 2627 686 2660 DDYDPE
702 2628 723 2660 IN
740 2628 808 2661 horon
824 2628 1016 2663 rhhusrohnhrnn.

405 2729 438 2773 111.
466 2729 528 2778 Dixit=
540 2735 570 2781 31,
584 2730 695 2772 admonitu
709 2730 786 2772 vereris
798 2736 903 2772 commoto
914 2730 1027 2783 ministrae,

441 2799 556 2855 ingemuit.
570 2799 636 2848 Quom
646 2800 676 2841 sic
690 2813 759 2843 nurus
770 2808 805 2843 351
818 2800 885 2843 311313
897 2807 1033 2857 gementem:

444 2886 453 2908 ι
467 2868 496 2910 ’13
508 2874 588 2920 tamen,
601 2881 613 2911 o
624 2871 725 2924 periurii,
738 2871 815 2916 3113353
829 2872 935 2926 sanguine
948 2879 1020 2915 vestro

442 2940 510 2993 Dopln
523 2943 593 2980 movet
604 2937 678 2982 133135.
691 2940 752 2989 Onici,
765 2940 783 2982 si
797 2940 836 2982 noi
851 2942 906 2983 miro
916 2943 996 2986 sororis

356 3001 363 3015 ’
442 3008 491 3049 1313
506 3020 558 3050 meae
570 3008 673 3051 reseram?
687 3010 813 3065 Quanquam
825 3011 968 3067 lacrymcequo
986 3013 1088 3074 dolorque

443 3078 572 3133 Impediunt,
586 3080 746 3134 prohibentque
760 3080 828 3135 loqui.
840 3080 889 3124 Fuit
903 3082 966 3125 unico
980 3085 1044 3127 matri

443 3150 554 3205 (11333133
566 3162 592 3193 ox
605 3150 647 3192 3113
657 3151 748 3205 genuit),
762 3152 874 3195 3311551333
890 3152 958 3196 formo
1019 3200 1021 3204 ,

441 3220 574 3263 OEchnlidum
589 3222 677 3277 Dryope.
690 3224 756 3271 Quam
769 3224 895 3278 uirginitate
906 3233 1021 3277 carentem,

441 3290 532 3344 Vimque
543 3291 577 3332 dei
590 3303 683 3346 possam,
696 3292 787 3347 Delphos
798 3293 907 3348 Delompre
919 3296 1019 3347 tenentis,

442 3362 524 3415 Excipit
535 3362 670 3413 Andraemon,
683 3367 702 3404 31
716 3362 808 3406 hahetur
820 3366 912 3420 conjuge
923 3365 980 3409 sehr.

441 3432 478 3473 Est
489 3432 556 3483 locus,
570 3434 643 3475 acclivi
657 3433 736 3476 (133333
749 3436 846 3490 margine
858 3435 948 3479 formum

442 3504 529 3546 Lictoris
542 3504 636 3547 efficiens
647 3520 652 3546 ε
665 3517 775 3548 summum
786 3511 875 3562 myrteta
888 3513 998 3551 33333331,

442 3574 533 3617 Venerat
543 3576 587 3617 huc
601 3576 681 3630 Dryope
695 3574 788 3617 futorum
802 3576 881 3620 335313.
894 3578 982 3633 Quoquo

443 3646 555 3701 indignere
568 3648 645 3703 magis,
661 3648 763 3705 h'pmphis
776 3649 845 3692 laturo
857 3661 953 3703 corones,

443 3717 509 3771 inque
521 3718 570 3760 5133
582 3731 683 3772 puerum,
696 3719 733 3773 qui
746 3718 841 3762 nonium
854 3720 980 3775 impleverat
991 3734 1080 3777 aunum,

443 3787 506 3829 Dulce
518 3788 671 3840 1331313335,
683 3789 794 3844 tepidique
805 3802 846 3845 opo
859 3790 921 3833 133115
932 3791 1008 3836 olebat.

443 3858 503 3900 haud
516 3858 590 3913 procul
602 3872 614 3901 3
626 3865 710 3915 singna,
723 3860 788 3917 tyrios
801 3861 884 3902 imitata
896 3861 986 3913 colores,

443 3929 467 3971 ln
479 3941 539 3984 spem
554 3929 666 3973 baccarum
679 3930 769 3975 Dorehoc
780 3930 883 3988 uqua'icn
893 3932 960 3978 13135.
1028 3967 1031 3973 .
