3384 4675
645 564 647 568 ’
707 552 805 603 ultan
825 550 882 603 tll.
1226 550 1272 600 lib

350 669 431 726 latete
439 670 476 725 dn
484 668 537 727 lien
545 669 674 741 conjugat
688 669 719 726 Sa
731 670 834 735 beaute,
844 685 893 724 son
904 670 959 739 age,
970 684 1014 726 me
1023 670 1273 740 firentsoupqonner

350 780 372 818 te
392 763 530 828 infidelite,
547 764 662 835 quoique
678 778 706 818 sa
721 771 795 819 rertu
811 763 836 818 la
853 762 941 819 rendit
955 762 1189 819 inmaisemblable.
1211 761 1273 818 llais

351 851 404 915 vais
413 860 456 915 ete
467 861 577 927 absent3
595 858 662 915 mnis
675 860 738 915 celle
750 860 796 931 qui
809 875 853 914 me
866 859 971 930 quittait
981 859 1049 914 avait
1057 858 1144 915 donne
1151 875 1190 915 un
1199 875 1271 915 mau-

350 953 369 1008 is
380 954 513 1023 exemple;
523 954 590 1009 mais
600 958 658 1009 tout
669 954 760 1009 ereille
771 954 809 1008 les
820 953 931 1008 maintes
940 953 985 1008 des
993 958 1105 1009 amants.
1112 952 1141 1008 le
1150 953 1271 1011 cherehai

350 1065 355 1100 ι
367 1044 521 1116 subterfuge
535 1045 579 1117 qui
592 1045 677 1102 demit
687 1046 751 1100 faire
762 1061 825 1100 mon
837 1045 965 1100 malheur.
981 1044 1010 1100 le
1018 1045 1186 1117 m'appliquai
1198 1047 1213 1100 a
1225 1045 1271 1102 sd-

350 1139 404 1206 ire‘,
416 1156 465 1210 par
478 1139 523 1195 das
531 1139 662 1210 presents,
674 1141 698 1194 la
708 1143 784 1193 rertu
795 1138 828 1193 de
840 1138 947 1193 Procris.
957 1137 1084 1194 L'lurore
1092 1141 1203 1209 soconda
1213 1155 1270 1196 mes

350 1233 448 1297 liutem
463 1232 513 1286 elle
524 1231 604 1287 altera
616 1245 674 1284 mes
686 1231 759 1286 traits
774 1229 811 1302 (je
820 1226 959 1285 crus'm'en
972 1231 1137 1302 aperoevoir).
1150 1232 1271 1287 lrantde

350 1326 428 1381 acher
440 1326 466 1380 la
483 1325 533 1381 nite
545 1325 578 1379 de
588 1324 680 1387 Pallas,
699 1323 726 1394 je
744 1322 836 1378 n'etais
853 1324 911 1394 plus
926 1322 1144 1378 reconnaissahle.
1163 1323 1270 1379 J'entrai

350 1434 382 1473 ns
393 1433 458 1473 mon
469 1417 559 1489 paleis.
569 1416 645 1471 Nulle
654 1422 724 1471 unce
737 1415 770 1469 de
778 1415 870 1469 crime.
886 1414 991 1469 Partout
1005 1430 1042 1468 un
1054 1415 1093 1469 air
1103 1415 1270 1471 d'innoeence

350 1509 523 1582 l'inquid'tude
537 1525 604 1581 pour
613 1525 650 1564 un
664 1509 756 1563 maltre
769 1507 863 1579 perdu.
878 1505 996 1576 Apeine‚
1009 1521 1057 1577 par
1067 1507 1139 1562 mille
1151 1507 1268 1574 detours,

350 1619 394 1658 me
404 1602 485 1673 hapai
493 1619 530 1658 un
540 1602 612 1657 noces
627 1603 720 1672 aupres
734 1600 766 1655 de
778 1601 801 1654 la
810 1587 1054 1654 filled'llrechthee.
1073 1600 1094 1654 h
1108 1615 1157 1655 son
1167 1605 1267 1670 aspect,

352 1696 433 1751 restai
442 1695 588 1756 immobile,
603 1700 630 1749 et
638 1694 665 1764 ie
680 1692 802 1760 renonqai
815 1707 927 1762 presque
942 1692 957 1746 a
970 1707 1033 1747 mon
1045 1691 1136 1763 proiet.
1153 1691 1181 1748 te
1195 1708 1246 1763 pus
1254 1695 1273 1749 a*
1312 1737 1314 1743 .

350 1791 393 1844 ine
408 1789 519 1844 montier
527 1789 552 1844 la
563 1788 645 1844 verite
654 1792 682 1843 et
693 1785 847 1842 m’abstenir
858 1785 890 1840 de
901 1784 1076 1852 l'embrasser,
1091 1801 1193 1841 eomme
1200 1785 1270 1857 j'au-

350 1885 368 1938 is
380 1882 418 1937 du
427 1881 451 1936 le
462 1881 535 1937 faire.
547 1879 603 1936 lllle
615 1881 678 1936 etait
690 1879 766 1935 triste
776 1897 783 1946 ;
799 1879 875 1943 mais,
886 1878 987 1950 melgrt
998 1896 1026 1936 sa
1034 1879 1156 1945 tristesse,
1166 1896 1268 1936 aucune

350 1990 414 2030 nme
426 1990 461 2030 ne
473 1975 538 2031 l'erlt
547 1973 668 2046 eclipsee.
687 1973 741 2028 Elle
753 1973 886 2043 regrettait
898 1973 1100 2043 prosonddment
1111 1974 1137 2029 la
1149 1981 1223 2046 perte
1234 1973 1268 2030 de

350 2068 453 2124 amari.
461 2067 535 2138 luge,
550 2068 661 2133 Phocus,
671 2067 704 2122 de
713 2067 737 2121 la
746 2065 838 2122 beaute
847 2067 880 2121 de
889 2044 1015 2138 oelle⁸que
1023 2067 1167 2122 rehaussait
1179 2068 1267 2124 meme

351 2161 476 2217 douleur!
492 2160 527 2216 'l'e
540 2159 649 2231 dirai-je
660 2159 782 2214 oombien
794 2160 826 2214 de
838 2159 886 2215 lois
898 2176 927 2217 sa
938 2167 1013 2216 rertu
1025 2177 1148 2232 repoussa
1158 2176 1215 2216 mes
1224 2166 1268 2216 at·

350 2254 425 2326 ques?
437 2253 560 2310 Gomhien
573 2253 607 2308 de
616 2253 667 2308 fois
677 2253 728 2309 elle
736 2267 781 2306 me
792 2252 845 2308 dit:
861 2273 873 2305 o
887 2253 1057 2325 J5appartiens
1072 2254 1135 2308 dun
1146 2255 1219 2318 seul;
1233 2270 1267 2309 en

350 2350 461 2419 quelque
474 2349 528 2403 lieu
544 2347 608 2418 qn'il
622 2347 684 2413 soit,
698 2344 761 2402 c'ast
777 2362 811 2400 en
826 2346 864 2401 lui
877 2347 933 2402 seul
948 2363 1001 2417 que
1010 2346 1039 2418 je
1052 2352 1191 2403 oonoentre
1203 2362 1267 2402 mon

350 2438 483 2495 bouheur‘t
493 2459 504 2491 ι

420 2544 468 2587 Non
478 2543 534 2586 bene
545 2549 659 2586 servasset.
671 2538 787 2598 Faciesqne
799 2548 893 2597 aetasque
903 2542 994 2597 jubebat

419 2614 511 2659 Credere
522 2614 662 2667 adulterium,
673 2614 818 2670 prohibebant
830 2611 918 2657 credere
929 2626 1009 2658 mores.

420 2684 461 2729 Sed
473 2690 546 2728 tamen
557 2684 678 2736 ablueram;
690 2684 728 2728 sed
740 2690 763 2727 et
775 2686 820 2727 haee
830 2689 884 2737 erat,
897 2684 955 2727 unde
969 2684 1073 2739 redibam,

420 2754 522 2799 Criminis
536 2756 669 2811 exemplum
685 2756 723 2797 sed
736 2760 813 2797 cuncta
826 2754 930 2797 timemus
942 2759 1046 2798 amantes.

419 2827 526 2879 Quaerere,
540 2821 597 2881 quod
608 2827 699 2878 doleam,
715 2825 798 2877 studeo,
809 2825 918 2880 donisque
931 2824 1031 2881 pudicam
1118 2819 1160 2870 '120

420 2896 540 2941 Sollicitare
550 2896 620 2939 fidem.
630 2896 695 2939 Favet
708 2896 760 2938 huie
775 2897 856 2937 Aurora
868 2895 950 2949 timori,

420 2967 565 3020 lmmutatquo
575 2979 652 3020 meam,
666 2965 741 3009 videor
754 2965 856 3019 sensisse,
867 2966 966 3021 figuram.

420 3036 526 3080 Palladias
537 3039 594 3089 ineo,
608 3050 652 3080 noa
662 3039 832 3093 cognoscendae
844 3039 947 3091 Athenas,

420 3108 574 3164 Ingrediorque
587 3109 682 3152 domum.
694 3109 761 3165 Culpa
771 3111 848 3153 domus
862 3110 907 3165 ipsa
920 3112 1012 3164 carebat,

420 3180 524 3235 Castaque
535 3180 596 3235 signa
610 3177 681 3231 dabat,
693 3180 826 3235 dominoque
837 3188 885 3224 erat
894 3182 956 3224 arixia
966 3187 1035 3237 rapto.
1120 3177 1160 3226 725

419 3246 457 3291 vn
469 3249 528 3292 aditu
540 3263 578 3305 per
592 3250 651 3293 millo
663 3252 724 3294 dolos
736 3252 762 3293 ad
774 3252 905 3295 Erechthida
917 3253 982 3305 lacto,

420 3320 449 3363 Ut
461 3320 513 3371 vidi,
528 3322 637 3377 obstupui,
652 3322 800 3379 meditataque
812 3337 873 3380 paene
882 3324 962 3379 reliqui

419 3388 559 3433 'lentamenta
572 3392 621 3435 lide.
637 3393 690 3435 llale
702 3404 744 3446 me,
757 3394 811 3449 quin
823 3406 871 3437 vera
885 3395 973 3445 faterer,

418 3460 531 3519 (lominum
545 3462 607 3514 male,
622 3462 684 3516 quin,
699 3469 725 3505 ut
737 3464 843 3519 oportuit,
857 3464 929 3507 osenla
939 3464 1025 3506 serrem.

419 3527 495 3571 'rrisns
507 3538 564 3585 erat;
577 3533 614 3575 sed
627 3532 686 3575 nulla
701 3539 774 3576 tamen
784 3534 900 3577 formosior
912 3534 948 3577 illa
1117 3529 1158 3579 750

420 3600 471 3643 Esse
481 3607 552 3655 potest
565 3603 629 3654 tristi,
639 3602 790 3660 desiderioque
801 3604 884 3647 calebat

418 3664 519 3726 'conjugis
531 3673 623 3727 abrepti.
633 3674 664 3716 Tu
676 3674 752 3729 collige
764 3674 834 3729 qualis
846 3674 924 3728 inille,

420 3740 495 3794 Phoco,
508 3741 573 3785 decor
586 3743 660 3796 inerit,
673 3758 739 3801 qnam
753 3747 785 3788 sie
795 3747 857 3789 dolor
871 3746 918 3801 ipse
930 3745 1024 3790 decebat.

419 3811 474 3860 Quid
487 3813 587 3867 reseram,
600 3817 686 3870 quoties
698 3818 817 3860 tentamina
827 3823 900 3860 nostra
913 3817 986 3871 pudici
1123 3873 1126 3877 Δ

419 3880 559 3935 Reppulerint
571 3888 655 3927 moros?
666 3887 766 3939 quoties:
778 3902 788 3923 ι
802 3886 854 3941 Ego,
865 3884 952 3939 dixerit,
964 3887 1003 3929 uni
1117 3886 1157 3930 755

421 3962 430 3989 ι
444 3950 529 4005 Servor,
540 3952 676 4011 ubicumque
685 3961 732 4009 est3
747 3956 785 3999 uni
799 3967 847 3999 mea
858 3955 936 4012 gaudia
948 3960 1041 4001 seruet»
