3384 4675
417 555 448 604 98
735 553 1046 610 uhrauoltrrlosns

418 672 487 729 deux
498 675 592 745 petits;
608 674 693 730 hodon
712 676 745 730 de
757 675 874 747 Sicyone,
897 692 948 731 aur
964 675 1077 746 maigres
1094 675 1184 738 flacce,
1198 670 1368 736 ltrohras,t1a·

418 767 490 832 aiace,
504 766 593 833 Sticto,
608 767 691 838 Tigris
709 772 737 823 et
758 768 829 834 hloe;
846 770 870 825 le
888 768 963 824 blanc
976 768 1087 834 Leucon,
1109 768 1134 823 le
1153 767 1212 822 noir
1231 764 1329 828 lshole,
1342 762 1368 819 lc

418 859 523 916 robuste
542 859 634 924 Lacon,
649 861 819 933 l'impetueux
839 862 920 928 hello,
940 861 1037 928 Thotis,
1055 862 1141 932 l'agile
1153 860 1257 932 Lycisca
1274 866 1300 915 ot
1319 875 1367 914 sou

415 952 486 1008 frere
495 953 618 1024 Cyprium
633 952 749 1025 Harpalo,
763 955 828 1010 dont
845 955 936 1010 latete
950 944 1024 1011 noi're
1038 961 1114 1025 porte
1125 969 1177 1009 une
1194 953 1270 1008 tache
1289 951 1367 1007 blan-

415 1046 482 1107 che:
498 1045 617 1112 helenes,
635 1044 736 1102 Lachne
755 1063 788 1100 au
811 1045 865 1118 poil
884 1046 995 1110 herisse,
1011 1045 1115 1110 Labros,
1133 1044 1264 1116 hgriodos,
1278 1042 1369 1114 Hylac-

416 1138 486 1193 tori
500 1137 524 1192 la
538 1138 596 1193 voix
607 1143 738 1210 percaute,
751 1139 799 1193 nes
816 1138 879 1194 d'un
896 1139 961 1210 pere
973 1138 1066 1194 cretois
1082 1145 1108 1195 et
1121 1138 1201 1194 d'une
1213 1137 1285 1192 more
1295 1135 1369 1192 laco-

416 1231 521 1296 trienne,
541 1238 568 1288 et
587 1231 719 1304 beaucoup
731 1215 847 1288 d’autres
860 1249 896 1304 qu
898 1232 927 1287 'il
943 1233 1020 1288 serait
1034 1239 1094 1303 trop
1111 1232 1174 1304 long
1188 1232 1221 1287 de
1236 1245 1366 1288 nommer.

416 1321 484 1379 Cotto
500 1328 593 1396 troupe
611 1323 720 1378 alianae
736 1323 769 1379 do
783 1323 859 1380 butin
871 1340 900 1380 se
914 1324 1064 1396 precipite
1056 1341 1071 1380 a
1091 1331 1188 1380 trarers
1202 1324 1249 1380 des
1259 1323 1368 1434 rochers

416 1419 539 1490 escarpe's
551 1420 615 1475 dun
630 1419 708 1474 ahord
723 1418 828 1476 difficile
842 1436 878 1475 ou
893 1436 953 1475 sans
967 1421 1048 1475 acces.

451 1511 548 1567 hcteon
561 1510 612 1579 ιιιιι
624 1512 688 1567 dans
702 1526 746 1566 ces
760 1513 862 1568 memes
873 1512 942 1566 lieux
957 1511 992 1566 οιι
1004 1516 1114 1567 souvent
1102 1511 1143 1566 til
1158 1510 1223 1566 nvait
1232 1500 1380 1582 ιιοιιιειιιιι1

416 1603 454 1662 les
465 1604 538 1662 betes
552 1606 647 1662 laureo.
661 1603 749 1661 llelas!
761 1605 789 1672 il
803 1605 854 1661 luit
873 1621 916 1679 ses
933 1621 1117 1678 compagnons.
1134 1605 1228 1660 llveut
1242 1602 1329 1660 elever
1342 1606 1368 1660 ln

416 1700 474 1756 ooix
486 1716 553 1772 pour
564 1701 622 1755 leur
631 1700 705 1755 dire:
721 1719 732 1749 ι
745 1699 773 1754 le
782 1700 837 1755 suis
849 1699 954 1764 Aethon,
967 1699 1144 1756 reconnaissez
1157 1705 1228 1754 voire
1240 1698 1365 1754 maltrel»

416 1788 476 1847 llais
488 1793 527 1848 les
539 1793 641 1864 paroles
656 1793 697 1848 lui·
708 1796 861 1864 manquent.
878 1792 924 1846 Des
940 1777 1100 1847 ahoiemerrts
1118 1792 1187 1848 seuls
1201 1791 1369 1852 retentisscnt

417 1883 482 1940 dans
494 1885 560 1940 l'air.
573 1883 741 1940 llelanchetes
752 1892 793 1940 est
810 1884 835 1939 le
853 1884 967 1955 premier
985 1884 1031 1957 qui
1048 1884 1073 1940 le
1091 1884 1174 1940 hlesse
1187 1900 1219 1939 au
1228 1884 1293 1951 dos;
1306 1886 1368 1956 puis

417 1973 600 2043 Theridamas;
622 1976 802 2048 Oresitrophos
820 1977 959 2031 l'alteinti
975 1975 1093 2048 l’epaule.
1117 1976 1151 2031 lls
1170 1972 1265 2032 etaient
1285 1979 1368 2048 partis

417 2069 494 2139 apres
507 2068 544 2124 les
558 2074 664 2134 autres;
679 2068 754 2134 mais,
768 2085 802 2124 en
817 2076 928 2140 coupant
945 2070 969 2124 la
985 2075 1124 2140 montagne
1141 2085 1189 2140 per
1203 2082 1240 2124 un
1261 2069 1372 2126 chemin

417 2160 451 2217 (ιε
464 2167 588 2227 traverso,
604 2161 637 2216 ils
655 2161 693 2217 les
710 2161 811 2218 avaient
825 2162 951 2219 devances
972 2168 1038 2219 tous.
1055 2162 1149 2218 'laridis
1168 2161 1247 2233 qu'ils
1266 2162 1369 2218 reticii·

390 2257 393 2262 ’
418 2259 483 2310 nent
494 2255 552 2310 leur
563 2255 665 2320 mailro,
685 2255 709 2310 la
727 2262 815 2312 mente
826 2251 934 2312 'entiere
952 2258 1037 2313 arrire
1054 2262 1081 2312 et
1094 2255 1196 2311 dechire
1210 2253 1318 2310 lcteon.
1334 2254 1367 2312 le

417 2349 489 2419 place
502 2347 573 2403 enlin
586 2364 701 2420 manque
718 2349 923 2405 aunblessures.
938 2350 957 2404 ll
967 2348 1063 2420 gemin
1079 2353 1115 2416 el,
1129 2348 1152 2404 si
1166 2346 1207 2421 ses
1216 2353 1320 2405 aooents
1334 2362 1369 2405 ne

523 2458 550 2502 lit
564 2459 682 2503 substricta
695 2469 772 2516 gerens
783 2461 891 2519 sicyonius
906 2460 942 2503 ilia
956 2461 1034 2512 halon,

522 2528 549 2572 Et
562 2527 656 2583 llrornas,
667 2536 690 2573 et
702 2530 790 2581 Canace,
805 2531 924 2585 Sticteque,
938 2536 961 2574 et
973 2529 1049 2585 Tigris,
1064 2534 1086 2573 et
1097 2527 1153 2579 Alco,

523 2597 549 2641 ht
562 2598 632 2642 niveis
643 2599 735 2650 Leucon,
747 2606 770 2644 et
779 2600 837 2643 villis
850 2599 939 2644 Asbolus
954 2600 1014 2652 atris,

523 2667 696 2725 Praevalidusque
707 2671 784 2724 Lacon,
795 2675 817 2712 et
831 2681 897 2714 cursu
911 2670 974 2714 sortis
987 2669 1053 2720 lello,

524 2728 551 2788 Et
563 2738 644 2792 Thous,
660 2747 682 2783 et
694 2740 769 2797 Cyprio
781 2741 841 2784 velox
855 2754 906 2784 cum
918 2741 985 2784 iratre
997 2739 1088 2795 Lycisce,

523 2796 550 2853 Et
559 2812 644 2866 nigram
655 2811 727 2854 medio
738 2812 832 2855 frontem
842 2812 957 2855 distinctus
966 2811 993 2854 ab
1006 2809 1054 2853 albo

523 2880 633 2937 llarpalos,
647 2888 669 2926 ct
681 2883 795 2935 Melaneus,
807 2883 935 2938 hirsutaque
946 2892 1036 2937 corpore
1046 2880 1142 2933 hachac,
1186 2928 1189 2932 ‚

524 2950 551 2994 ht
564 2957 624 3006 patre
637 2951 720 3005 dictaeo,
735 2953 773 2995 sed
782 2957 851 2995 matie
865 2952 962 2996 laconide
974 2951 1027 3005 nati,

526 3010 605 3065 Labros
617 3026 639 3065 et
651 3023 761 3078 Agriodos,
773 3028 796 3067 et
804 3029 873 3067 acute
882 3024 940 3066 vocis
951 3022 1061 3080 Hylactor3
1226 3063 1231 3077 ,

523 3093 623 3145 Quosque
635 3090 715 3134 referre
727 3098 839 3135 moreest.
852 3091 881 3135 lla
892 3092 956 3135 turbu
970 3090 1072 3147 cupidine
1081 3089 1158 3145 praedic
1249 3083 1254 3100 ¹

524 3161 562 3204 Per
573 3163 646 3217 rupes,
659 3162 808 3217 scopulosque,
821 3161 926 3217 adituque
937 3161 1031 3205 carentia
1045 3171 1101 3213 saxo,

524 3232 567 3281 Qha
581 3232 615 3274 vin
629 3230 730 3285 diflicilia,
745 3233 831 3288 quaque
843 3237 876 3275 est
888 3233 922 3274 via
934 3232 1001 3284 nulla,
1014 3232 1122 3275 feruntur

552 3312 590 3363 llle
602 3320 665 3376 fugit,
678 3330 716 3377 per
725 3323 775 3377 quae
788 3322 860 3365 iuerat
870 3321 915 3364 loca
926 3330 982 3376 saepe
994 3326 1089 3364 secutus.

525 3378 583 3436 licut
595 3392 686 3436 famulos
698 3394 771 3450 sugit
765 3406 812 3449 ipse
824 3398 882 3437 suo's
894 3394 992 3437 Clamare
1005 3390 1092 3434 libebat·

527 3462 634 3504 «hctaeon
645 3473 684 3517 ego
695 3474 757 3515 sum;
769 3460 881 3504 dominum
894 3460 1022 3521 cognoscite
1031 3461 1157 3502 vestrumd»

526 3517 594 3574 lerna
605 3532 678 3574 animo
693 3531 787 3574 desunt·
798 3530 886 3575 resonet
896 3531 1012 3574 latratibus
1023 3530 1096 3573 ether.

526 3600 597 3643 Prima
608 3601 773 3645 Melanchaetes
767 3615 790 3644 m
802 3607 863 3657 tergo
876 3602 966 3645 vulnera
979 3601 1038 3652 iecit,

525 3668 622 3714 Proxima
634 3670 783 3724 Theridamas,
795 3671 943 3728 Oresitrophos
954 3672 1033 3715 hesit
1027 3684 1050 3714 ιιι
1062 3670 1129 3715 arnio

526 3722 617 3784 refotus
628 3741 731 3794 exierant,
743 3742 781 3785 sed
794 3754 832 3799 per
844 3742 970 3797 compendia
982 3741 1061 3785 montis

528 3810 648 3866 inticipata
660 3808 695 3853 iic
705 3814 746 3854 est.
760 3804 874 3853 hominnm
883 3808 1028 3856 retinentibus
1039 3806 1092 3860 illis,

527 3881 606 3925 Caetera
617 3879 682 3925 turba
692 3879 898 3936 calumniasque
892 3892 915 3924 m
927 3889 1017 3934 corpore
1028 3878 1111 3923 dentes.

526 3950 574 3996 lam
588 3950 634 3998 loca
646 3949 773 3997 iuuenibus
786 3949 874 3995 ιιειιιιιι.
883 3950 954 3996 Gemit
965 3950 1011 4003 ille,
1023 3960 1153 4005 sonumque,
