3384 4675
418 537 465 590 eto
743 523 1054 588 udruuouuuosus.

418 654 492 715 millo
506 653 637 717 couleurs,
648 648 698 705 elle
708 649 821 705 descend
828 649 919 704 versla
930 654 999 705 terre
1010 654 1037 704 et
1046 653 1175 707 trunsmet
1185 650 1202 704 d
1211 648 1331 709 dersifle
1342 653 1381 710 les

419 744 654 805 ordresdeiunon.
667 742 701 797 La
715 741 789 797 reiue
801 757 847 797 ose
860 741 876 797 ‘a
890 741 967 811 peine
980 742 1052 798 lever
1066 756 1104 796 uu
1118 741 1165 798 mil
1175 742 1302 799 modeste
1314 760 1322 801 z
1336 745 1380 799 «0

420 839 524 895 deesse!
539 835 637 893 ditelle
645 834 700 908 (ear
710 834 752 890 s'il
766 834 844 890 m'est
857 834 964 890 difficile
975 834 1010 889 de
1018 834 1075 889 dire
1086 835 1132 906 qui
1144 850 1211 891 vous
1223 836 1292 905 tter,
1306 837 1335 908 je
1345 855 1378 895 ue

420 931 521 989 saurais
535 930 629 985 deuter
640 944 693 1000 que
706 943 771 984 rous
786 943 821 982 ne
835 943 910 1001 soyez
921 943 976 984 une
993 927 1125 1001 divinite),
1139 928 1314 999 guida-moi,
1330 934 1375 989 oh!

420 1023 594 1101 guida-moi,
607 1027 634 1077 et
644 1020 828 1076 mentum-moi
843 1035 908 1076 mou
926 1019 1024 1091 dpoux!
1044 1018 1071 1074 Si
1083 1021 1122 1076 les
1135 1019 1241 1079 Bestius
1258 1039 1305 1079 me
1320 1041 1378 1095 per.

421 1120 531 1171 mettent
544 1115 577 1170 de
589 1115 614 1168 le
625 1115 683 1169 voir
697 1128 792 1168 encore
803 1129 858 1168 une
871 1113 930 1178 fois,
940 1111 967 1184 je
980 1128 1024 1168 me
1035 1111 1129 1169 eroirai
1138 1117 1308 1187 tmusportee
1316 1119 1378 1174 dans

421 1209 447 1265 le
455 1206 535 1280 paleis
543 1207 589 1262 deo
601 1207 689 1270 diem.
703 1225 714 1258 i
731 1206 847 1262 dussitdt
863 1205 914 1262 elle
924 1222 954 1262 se
966 1205 1049 1276 dirige
1061 1220 1121 1262 aree
1137 1204 1186 1262 Iris
1203 1222 1265 1264 vers
1282 1210 1307 1265 la
1320 1210 1378 1267 ool·

420 1300 475 1355 line
484 1299 621 1355 eonsecrde
630 1301 646 1354 d
655 1298 791 1354 Romulus.
808 1298 864 1353 due
872 1298 951 1371 etoile
961 1299 1054 1371 paruit,
1067 1300 1198 1356 l'eutoure
1209 1301 1245 1357 de
1254 1303 1375 1372 lumidre,

422 1391 566 1448 devore'ses
578 1393 702 1458 cherem,
713 1399 740 1448 et
752 1398 874 1449 remonte
882 1408 942 1448 arec
954 1392 1004 1463 elle
1015 1408 1050 1448 au
1062 1392 1156 1449 atlete
1167 1394 1267 1464 punis.
1280 1395 1315 1452 Le
1323 1396 1376 1452 fou·

421 1487 516 1543 dateur
526 1485 559 1540 de
568 1485 651 1541 Rome
663 1485 688 1540 lu
698 1485 780 1559 reooit
792 1500 854 1541 aree
868 1501 962 1542 amour
973 1487 1039 1542 deus
1049 1501 1091 1541 ses
1103 1486 1173 1553 bros,
1183 1491 1221 1553 et,
1232 1488 1378 1560 eheugeant

420 1580 473 1634 dla
486 1579 535 1633 fois
554 1594 582 1634 sa
599 1580 683 1635 forme
706 1585 796 1635 eison
818 1595 890 1648 nom,
906 1580 925 1634 ii
945 1580 1063 1652 l'appelle
1084 1577 1161 1635 Horu.
1185 1577 1235 1636 Les
1255 1581 1379 1639 Romaim

420 1674 540 1730 unisseut
553 1667 717 1746 aujourd'hui
729 1689 778 1729 son
791 1674 862 1730 culte
873 1676 890 1730 d
901 1673 968 1729 celui
978 1674 1011 1729 de
1023 1672 1158 1735 Quirinus.

526 1862 640 1906 Hersiliam
649 1857 717 1918 jureii
728 1861 844 1917 eompellnt
854 1861 943 1906 uocibus
955 1860 1003 1904 Iris.

461 1962 464 1969 ·
527 1932 573 1984 ilia,
587 1929 708 1975 veremudo
720 1931 754 1974 rix
767 1931 845 1975 tollent
856 1932 939 1976 iumine
950 1931 1030 1977 vultu:
1061 1926 1064 1930 ’
1229 1931 1273 1977 840

528 2019 537 2039 ι
551 2001 617 2045 Odeu
628 2002 731 2058 (namque
741 2001 852 2053 mihi‚nee
860 2014 908 2058 que
917 2003 947 2044 sis
959 2001 1030 2046 dicere
1041 2009 1164 2058 promptum
1172 2009 1217 2056 οδες

528 2073 554 2117 Et
564 2074 634 2129 liquet
646 2085 694 2117 este
705 2073 785 2128 deum),
797 2072 871 2129 due‚o
882 2073 932 2127 duo,
944 2074 1023 2130 iuquit,
1036 2080 1058 2118 et
1069 2074 1123 2117 effer

526 2144 628 2200 Coniugis
638 2154 676 2187 era
687 2144 749 2188 mihi.
762 2140 843 2195 Quae'ni
854 2145 919 2189 modo
930 2157 993 2201 posse
1003 2145 1077 2189 videre

526 2214 579 2259 Futr
587 2215 656 2258 semel
668 2213 776 2268 dederint,
785 2215 866 2261 eoelum
876 2217 984 2272 accepisse
994 2215 1083 2260 utetur.
1096 2232 1106 2254 ιι

527 2289 570 2332 Nec
578 2299 646 2343 mom,
657 2289 766 2344 romuleos
780 2300 831 2331 cum
842 2288 928 2345 virgine
941 2289 1080 2333 thaumanteu
1229 2290 1275 2340 845

527 2359 651 2415 Ingreditur
662 2359 736 2404 eolles.
749 2360 781 2404 lbi
794 2360 856 2404 sidus
868 2360 895 2403 ub
906 2361 988 2405 uthere
998 2362 1082 2418 lapsum

527 2430 608 2475 Decidit
617 2431 640 2472 in
653 2436 729 2481 terres,
742 2442 753 2471 a
766 2431 829 2485 eujus
840 2432 923 2474 lumine
934 2432 1026 2487 flagrans

528 2499 625 2543 flersiiiae
638 2499 764 2541 ormiscum
776 2498 846 2541 sidere
859 2500 923 2542 cessit
933 2502 956 2543 in
971 2513 1041 2544 auras.

526 2569 585 2612 huno
596 2568 696 2611 munibus
708 2569 767 2611 uotis
776 2580 870 2613 romaum
881 2569 979 2614 conditor
990 2571 1049 2614 urhis
1085 2562 1088 2566 ’

526 2638 616 2695 Excipit,
628 2647 650 2682 et
662 2641 758 2695 priscum
771 2640 855 2695 pariter
866 2653 916 2683 eum
927 2653 1016 2698 corpore
1030 2654 1107 2684 nomeu
1229 2643 1274 2687 ΒΨ)

528 2712 602 2764 dietat
613 2710 734 2766 Horamque
745 2716 814 2765 uocat,
824 2723 873 2767 quae
882 2723 940 2756 nune
950 2712 988 2757 dea
996 2713 1072 2767 juncta
1082 2711 1169 2762 Quirino
1178 2716 1221 2758 est.
