3384 4675
712 533 813 584 irrue
835 536 900 584 xiv.
1160 520 1162 523 ’
1244 532 1288 584 sn

337 661 463 716 pagnons.
476 646 580 701 inires
589 645 604 699 ir
613 659 660 699 son
670 644 761 714 palais,
772 661 840 700 nous
850 661 883 700 en
892 644 1029 700 leuchinus
1037 646 1052 699 ir
1061 644 1137 715 peine
1147 644 1185 701 les
1194 650 1288 716 portes,

337 751 388 807 que
399 738 444 794 des
456 739 540 811 loups,
558 738 604 793 des
622 752 683 793 ours
695 743 722 792 et
738 737 785 792 des
799 737 877 804 lions,
892 754 1016 794 accourus
1032 754 1078 793 sur
1095 753 1142 793 nos
1154 753 1208 807 pas,
1222 753 1290 793 nous

336 828 491 900 remplirenl
503 828 616 885 d'eliroi.
631 828 691 882 llais
710 844 796 884 aucun
813 828 904 885 n'etait
923 829 1087 894 deraindre;
1102 845 1186 894 aucun
1201 845 1235 884 ne
1245 829 1290 885 de·

336 918 390 986 xrait
403 935 471 975 nous
482 921 546 975 faire
559 921 584 976 le
598 921 718 977 meindre
732 923 794 977 mal.
811 921 840 978 le
851 921 917 978 dirai
928 923 1005 994 plus:
1021 923 1052 977 ils
1065 920 1221 978 caressaient
1232 920 1290 976 l'air
1379 955 1382 960 ,

335 1012 368 1066 de
386 1013 456 1069 leurs
464 1028 564 1083 queues
573 1018 600 1068 et
611 1014 737 1070 suiraient
750 1029 799 1069 nos
810 1031 857 1086 pas
868 1031 902 1070 en
915 1031 981 1070 nous
996 1016 1106 1070 llattant.
1120 1012 1167 1068 les
1180 1011 1290 1068 semines

335 1104 368 1158 cle
386 1104 484 1160 service
497 1121 564 1160 nous
576 1111 698 1174 recurent
711 1110 738 1160 et
751 1104 818 1161 ndus
831 1107 1017 1186 eonduisirent‚
1031 1108 1154 1161 atravers
1167 1104 1214 1160 des
1223 1121 1289 1176 pnr-

289 1242 291 1244 .
334 1196 421 1267 tiques
438 1198 471 1253 de
489 1199 604 1262 nrarbre,
622 1185 803 1278 jusqu'irleur
822 1201 982 1257 souveraine.
1002 1200 1056 1256 Elle
1073 1200 1135 1256 etait
1155 1199 1241 1264 assise,
1255 1215 1289 1254 au

334 1289 399 1344 fond
414 1290 493 1346 d'une
505 1292 568 1346 salle
583 1292 752 1362 magnifique,
770 1309 816 1348 sur
830 1310 869 1348 un
892 1294 968 1348 trdue
984 1293 1063 1357 cleve,
1088 1293 1192 1348 revetue
1209 1292 1289 1348 d'une

335 1381 399 1436 robe
415 1380 590 1438 eblouissanle
603 1388 629 1437 et
643 1389 763 1438 converte
782 1383 846 1439 d'un
871 1385 998 1439 rnanlelet
1018 1384 1083 1439 d'or.
1105 1384 1152 1439 les
1171 1374 1289 1439 Nereides

335 1481 361 1530 et
373 1475 410 1530 les
428 1475 567 1548 dampnes,
578 1478 687 1548 rangees
700 1485 794 1544 auteur
805 1478 903 1543 d'elles‚
914 1478 1038 1534 n'dtaient
1049 1479 1123 1550 point
1138 1479 1262 1548 occupees
1274 1481 1288 1533 :i

331 1566 398 1623 faire
418 1568 451 1623 de
465 1569 489 1622 la
503 1569 637 1640 tapisserie
650 1586 685 1625 ou
707 1570 795 1625 'afiler
814 1570 838 1623 la
861 1568 938 1633 laine,
963 1570 1029 1624 mais
1048 1570 1109 1624 elles
1131 1569 1290 1639 disposaient

334 1659 399 1715 dans
414 1661 459 1716 des
473 1662 610 1718 corbeilies
630 1667 655 1719 et
673 1663 810 1718 menatem
827 1679 860 1718 en
879 1663 955 1718 ordre
970 1663 1015 1717 des
1027 1663 1135 1734 plantes,
1151 1663 1197 1717 des
1209 1664 1289 1719 ssenrs

333 1754 361 1806 ei
376 1751 422 1807 des
436 1752 532 1807 herbes
553 1753 585 1809 de
606 1753 719 1808 diverses
739 1752 869 1807 couleurs.
893 1753 927 1806 La
942 1752 1030 1807 deesse
1043 1753 1165 1824 presidait
1187 1754 1201 1807 a
1220 1755 1289 1817 leurs

332 1849 447 1899 travaux.
463 1844 517 1899 lllle
533 1846 691 1919 connaissait
705 1845 803 1915 l'usage
821 1845 854 1900 de
871 1846 971 1916 elinque
989 1846 1077 1917 plante
1094 1850 1120 1900 et
1133 1845 1192 1901 l'art
1204 1846 1236 1901 de
1249 1847 1289 1903 les

332 1938 479 2008 melanger;
496 1939 545 1993 elle
559 1938 597 1996 les
611 1939 694 2011 pesait
707 1944 733 1994 et
753 1939 791 1994 les
809 1938 951 1993 examinait
973 1953 1033 1992 avec
1048 1938 1115 1993 sein.
1132 1939 1179 1994 lies
1195 1939 1289 2017 qq'elle

333 2043 401 2084 nous
413 2035 527 2100 aperqut,
543 2032 618 2102 apres
627 2032 665 2086 les
677 2031 812 2101 politesses
834 2031 949 2100 d'usage,
963 2028 1011 2083 elle
1024 2044 1091 2086 nous
1101 2029 1229 2086 accueillit
1241 2048 1289 2102 par

333 2138 370 2176 un
385 2122 487 2178 seurire
502 2127 528 2178 et
544 2122 665 2194 repondit
681 2123 888 2195 gracieusement
904 2122 919 2176 a
936 2138 983 2178 nes
1001 2138 1089 2178 roeux.
1104 2120 1157 2178 lille
1179 2138 1245 2178 nous
1258 2125 1288 2177 fit

331 2213 417 2270 servir
431 2215 446 2270 a
461 2214 580 2270 l'instant
595 2215 627 2270 de
640 2215 721 2284 l'erge
731 2215 832 2276 brulee
843 2215 880 2268 du
892 2211 964 2278 miel,
979 2213 1016 2268 du
1027 2215 1071 2268 vin
1082 2229 1132 2284 pur
1144 2218 1170 2269 et
1189 2212 1225 2268 du
1243 2213 1288 2267 leit

331 2306 417 2375 caille,
435 2307 516 2364 nieles
527 2307 670 2372 ensemble,
686 2312 712 2362 et
724 2325 739 2381 y
749 2305 1015 2378 ajoutalurtirement
1032 2306 1078 2361 des
1095 2320 1155 2362 sues
1168 2305 1287 2376 deguises

439 2436 490 2487 Quae
501 2436 567 2479 simul
578 2435 698 2489 attigimus,
714 2433 858 2489 stetimusque
871 2433 895 2475 iu
908 2431 984 2474 limine
999 2431 1058 2483 teeti,

439 2503 495 2549 llille
505 2505 560 2561 lupi,
572 2506 689 2559 mixtaeque
701 2504 759 2562 lupis
771 2516 880 2560 ursaeque,
893 2502 981 2556 leaeque,
1142 2495 1183 2543 255

439 2577 534 2621 Occursu
548 2576 616 2620 secere
628 2585 717 2619 meturn.
730 2576 769 2621 Sed
783 2575 840 2619 nulla
855 2572 956 2624 timenda,

439 2646 546 2701 Nullaque
556 2653 604 2689 erat
615 2652 689 2689 nostro
702 2647 787 2688 iactura
800 2645 824 2687 in
835 2653 925 2698 corpore·
938 2642 1024 2684 vulnus.

440 2716 495 2766 Quin
506 2717 571 2760 etiarn
585 2716 676 2760 blandas
687 2728 772 2761 movere
785 2728 824 2771 per
835 2724 885 2757 aera
895 2712 981 2766 caudas,

440 2787 560 2843 Nostraque
571 2786 685 2831 adulantes
698 2788 801 2830 comitant
813 2784 910 2839 vestigia,
923 2782 990 2825 denec

357 2845 359 2849 ¹
440 2856 552 2913 Excipiunt
563 2857 657 2910 lamule,
669 2868 750 2912 perque
764 2856 819 2899 atria
831 2864 938 2897 marmore
952 2857 1007 2895 tecte
1141 2848 1182 2895 ato

440 2926 470 2969 ild
484 2928 598 2971 dominum
608 2926 699 2972 ducunt.
711 2927 801 2971 Pulchro
813 2925 874 2969 sedet
884 2923 921 2966 illa
933 2933 1027 2973 recessu,

440 2998 542 3041 Sublimis
553 2998 615 3050 solio,
628 2998 750 3053 pallamque
760 2996 838 3040 induta
850 2995 964 3045 nitentem,

441 3068 531 3123 insuper
541 3076 619 3112 aurato
630 3070 796 3113 circumvelatur
807 3068 897 3112 amictu.

346 3163 349 3169 ·
441 3137 541 3182 Nereides
554 3138 696 3195 Nymphreque
708 3138 782 3189 simul,
795 3150 844 3193 quae
858 3138 937 3181 vellera
951 3136 1018 3180 motis

442 3208 504 3253 Nulla
519 3210 609 3254 trahunt
620 3210 700 3266 digitis,
715 3222 756 3254 nec
769 3209 804 3251 iila
816 3209 929 3265 sequentia
943 3208 1034 3258 ducunt,
1141 3200 1182 3250 265
1202 3240 1203 3243 ,

440 3280 541 3323 Gramina
554 3280 683 3336 disponunt,
698 3290 826 3336 sparsosque
840 3280 888 3321 sine
897 3277 974 3321 ordine
984 3276 1048 3321 liores
1250 3271 1253 3275 ’

376 3351 378 3353 ’
438 3350 558 3394 Secernunt
568 3351 667 3403 calathis,
679 3351 792 3404 variasque
803 3348 911 3392 coloribus
923 3347 1009 3392 herhas.

440 3423 496 3478 ipsa,
508 3423 565 3478 quod
578 3424 611 3466 hae
625 3423 715 3477 iaciunt,
727 3434 782 3477 opus
794 3421 866 3476 exigiq
880 3421 928 3476 ipsa
939 3419 989 3476 quis
1002 3429 1057 3461 usus

439 3495 527 3549 Quoque
538 3494 567 3536 sit
579 3495 601 3536 in
611 3494 670 3547 solio,
686 3505 734 3549 qum
748 3492 777 3535 sit
788 3491 901 3535 concordia
914 3490 994 3544 mixtis,

439 3564 505 3618 llovit,
521 3570 544 3609 et
556 3564 669 3616 advertens
682 3575 760 3621 pensas
771 3563 879 3605 examinat
891 3560 977 3603 herbas.
1140 3553 1181 3599 2'l0

439 3634 487 3678 llaec
497 3635 535 3679 nbi
549 3647 589 3679 nos
600 3636 662 3688 vidit,
675 3636 733 3678 dieta
745 3637 875 3688 acceptaque
889 3632 967 3681 salute,

439 3704 530 3749 liiiiudit
541 3706 622 3757 vultus,
636 3711 658 3748 et
669 3704 763 3748 reddidit
772 3703 843 3746 omnia
855 3701 917 3745 rotis.

439 3775 481 3818 Nec
490 3786 558 3829 mora,
573 3775 660 3818 misceri
674 3774 736 3818 testis
748 3773 812 3827 jubet
823 3771 904 3816 hordea
914 3768 983 3825 graui,

439 3844 551 3899 llellaque,
564 3845 652 3900 vimque
663 3844 724 3896 meri,
735 3849 758 3887 et
768 3854 818 3885 cum
828 3842 884 3885 lacte
896 3837 985 3895 coagula
997 3849 1070 3895 passer

442 3916 524 3972 Quique
539 3916 580 3960 suli
594 3916 634 3960 hac
644 3917 725 3959 lateant
739 3912 816 3956 lurtim
830 3910 952 3964 dulcedine,
966 3906 1041 3955 sucees'
1142 3902 1183 3952 att

1069 3978 1098 4030 at
