3384 4675
420 542 467 592 tta
741 533 1053 587 unrauonruosns

424 658 499 715 amai
510 657 543 714 de
551 655 643 715 t'arnir
654 653 817 727 poursuirie!
832 651 893 708 ttais
902 650 1045 723 pourais-je
1063 650 1090 707 le
1102 650 1229 721 prerair?
1238 651 1338 710 tamais
1349 654 1375 726 ja

424 746 812 818 rn'eussevaulutrinmpheri
823 760 853 801 ee
863 745 929 816 prix.
938 743 1175 807 Intortunemdeuu
1181 747 1377 804 ennemist'ont

424 860 436 893 r
452 841 561 913 perdue,
575 841 601 896 te
613 842 720 911 serpent
735 838 781 908 qui
794 837 830 892 t'a
842 835 952 900 blessee,
966 842 993 892 et
1004 836 1058 892 mei
1069 835 1116 908 qui
1130 835 1156 891 ai
1165 838 1245 894 cause
1257 843 1285 894 ta
1298 845 1375 895 mort.

424 933 481 989 ate
493 933 574 989 serais
593 932 654 1004 plus
670 931 797 1003 coupabte
813 944 865 1001 que
881 929 907 984 le
921 935 1038 1000 serpent,
1058 929 1081 984 si
1096 928 1122 1001 je
1142 945 1177 986 ne
1189 931 1319 988 musolais
1332 936 1376 987 tan

424 1046 436 1079 ι
452 1025 538 1097 trepas
552 1040 598 1096 par
608 1024 635 1080 le
644 1023 726 1079 mien.
738 1041 749 1074 ι
761 1024 834 1078 Ares
849 1027 928 1086 mats,
944 1021 981 1077 du
994 1021 1130 1078 hautd’un
1140 1024 1237 1080 reeher
1249 1025 1377 1097 minepar

386 1134 389 1139 ·
420 1118 460 1174 lea
474 1117 730 1190 raguesbrupantas,
744 1115 804 1171 itse
815 1114 882 1186 jette
898 1113 963 1169 dans
979 1113 1006 1169 la
1022 1129 1089 1171 mer.
1100 1114 1206 1188 Tethys,
1221 1119 1334 1176 tauehee
1342 1119 1376 1175 de

421 1225 470 1267 son
481 1210 624 1282 desespoin
638 1209 745 1265 adoueit
757 1223 785 1264 sa
798 1209 888 1273 eliute,
901 1213 938 1272 et,
950 1207 1035 1264 tandis
1052 1208 1118 1278 qu'it
1130 1209 1242 1266 sitlonne
1254 1210 1295 1266 les
1306 1211 1375 1277 ιΙειε,

414 1302 472 1358 elle
484 1303 523 1358 lui
536 1303 623 1359 donne
634 1301 680 1358 des
691 1301 765 1358 nitas.
778 1300 812 1356 La
826 1305 910 1364 mort,
926 1299 996 1372 ehjet
1007 1299 1041 1355 de
1056 1315 1097 1357 ses
1107 1316 1193 1367 roeur,
1206 1301 1244 1357 lui
1259 1307 1301 1357 εει
1311 1303 1377 1359 ainsi

421 1393 532 1451 retusee.
551 1394 570 1449 u
591 1393 720 1465 s'indigne
737 1391 771 1448 de
781 1407 920 1448 conserver
933 1407 986 1449 une
1000 1391 1042 1448 vie
1052 1392 1170 1458 odieuse
1188 1398 1215 1448 et
1229 1393 1263 1449 de
1274 1399 1378 1450 trouver

420 1487 467 1543 des
485 1486 613 1544 obstantes
631 1486 677 1558 qui
691 1485 842 1542 retiennent
862 1500 911 1541 son
924 1487 994 1552 ame,
1011 1485 1162 1558 impatiente
1180 1487 1214 1544 de
1231 1489 1332 1558 quitter
1350 1504 1378 1544 sa

420 1579 497 1636 tr'nte
514 1579 648 1636 demeare.
668 1577 744 1635 rone
761 1593 808 1633 sur
825 1592 868 1633 εεε
884 1577 1001 1634 recentes
1017 1577 1090 1644 nites,
1111 1578 1131 1633 il
1144 1579 1201 1635 vole
1212 1579 1227 1634 'a
1237 1579 1264 1635 la
1280 1579 1378 1635 smiaee

421 1669 468 1726 des
485 1685 560 1740 eaux,
574 1678 601 1728 et
616 1671 655 1742 s'p
671 1668 797 1743 precipite
809 1684 922 1736 eneme;
937 1669 1005 1725 mais
1018 1685 1066 1726 sen
1081 1671 1202 1742 piumage
1216 1669 1241 1726 le
1253 1672 1376 1729 sentient.

420 1762 488 1819 Dans
506 1780 555 1820 sen
572 1764 663 1830 delire,
681 1764 700 1818 il
715 1763 810 1834 plange
827 1778 862 1817 au
876 1759 940 1817 fond
959 1760 993 1818 de
1008 1759 1121 1828 l'abime,
1142 1767 1169 1818 et
1186 1762 1312 1819 s’ebstine
1330 1765 1345 1819 a
1362 1781 1377 1836 p

420 1855 545 1912 chercher
564 1858 589 1912 ιε
607 1857 705 1927 trepas.
726 1854 847 1911 L'amour
863 1855 969 1911 amase
981 1870 1009 1911 sa
1022 1855 1163 1925 maigreur.
1183 1855 1216 1912 Sa
1229 1855 1319 1928 jarnbe
1338 1864 1378 1914 est

421 1948 515 2016 effiiee,
530 1965 578 2006 son
592 1966 641 2006 mu
654 1947 790 2020 s'allonge‚
801 1956 828 2005 et
842 1964 871 2005 sa
883 1949 938 2004 tete
947 1948 1069 2020 s’elnigne
1081 1949 1113 2006 de
1122 1964 1170 2005 son
1182 1965 1268 2022 mrps.
1281 1950 1302 2006 u
1310 1949 1378 2006 aime

421 2039 517 2111 l'nnde,
528 2048 555 2099 et
569 2041 624 2098 doit
637 2056 685 2097 san
700 2056 763 2097 nom
776 2042 791 2096 a
804 2039 948 2097 l'hahitude
959 2041 992 2098 de
1005 2042 1044 2114 s'y
1056 2043 1198 2113 plangens

529 2251 540 2276 ι
554 2234 596 2280 Sed
607 2245 651 2279 non
665 2233 706 2278 hoc
717 2233 791 2287 timui;
808 2240 907 2278 necerat
919 2233 974 2278 mihi
986 2234 1072 2279 vincera
1084 2237 1147 2279 tanti.

530 2320 541 2346 ι
555 2303 691 2353 Perdidimus
702 2303 803 2348 miseram
813 2315 854 2347 nos
865 2308 887 2347 te
898 2302 949 2349 duo.
964 2303 1047 2349 Vulnus
1058 2303 1085 2349 ab
1096 2317 1174 2363 angue,
1229 2304 1271 2350 ⁷80

530 2392 541 2417 a
554 2378 613 2421 Arne
622 2386 687 2419 eausa
698 2374 748 2419 data
760 2381 801 2419 est.
814 2374 858 2431 Ego
867 2375 909 2419 sirn
922 2375 1046 2419 sceleratior
1058 2376 1104 2426 iilo,

530 2447 577 2491 «tn
591 2447 633 2491 tibi
646 2452 715 2490 morte
728 2457 777 2489 mea
788 2446 865 2489 mortis
879 2445 954 2489 solatia
969 2447 1084 2490 mittam.»

528 2518 593 2570 nint,
603 2524 626 2559 et
639 2529 651 2559 e
663 2515 760 2572 scopulo,
772 2527 837 2571 quem
851 2526 915 2558 raum
927 2516 1043 2560 subederat
1054 2518 1118 2570 unda,

526 2591 553 2636 Se
565 2588 656 2633 deditin
670 2592 770 2643 pontum.
784 2586 863 2643 Tettrps
874 2587 976 2631 miserata
990 2588 1102 2633 cadentem

529 2659 620 2704 tiolliter
634 2658 725 2713 excepit,
741 2662 874 2711 nantemque
887 2668 925 2712 per
937 2669 1024 2713 aequora
1036 2661 1112 2714 pennis
1230 2658 1272 2703 785

528 2731 594 2783 ierit,
607 2736 629 2773 et
641 2734 721 2785 optate
734 2740 776 2772 non
789 2735 822 2771 est
834 2728 885 2771 data
897 2730 959 2785 copia
973 2731 1056 2773 mertis.

526 2801 656 2856 Indignatur
670 2810 745 2842 amans
757 2800 850 2843 invitum
863 2800 936 2843 vivere
948 2802 1003 2855 cogi,

526 2872 654 2926 Obstat-ique
668 2872 753 2921 animae,
766 2870 846 2913 misera
861 2869 888 2913 de
902 2872 954 2915 sede
965 2872 1046 2917 volanti

527 2941 600 2992 Exim
614 2946 682 2995 utque
693 2951 759 2982 novas
771 2940 869 2983 tinnieris
880 2949 1028 2998 assumpserat
1039 2942 1092 2994 alas,

528 3010 635 3062 subvolat,
648 3017 713 3065 atque
728 3012 807 3054 iterum
822 3023 902 3067 eorpus
914 3025 979 3069 super
991 3026 1076 3069 equora
1089 3015 1163 3058 mittit.
1229 3015 1269 3058 '190

527 3082 602 3125 Pluma
611 3080 667 3125 levat
679 3093 751 3124 casus.
762 3080 823 3124 Furit
836 3082 930 3133 AEsacos,
945 3084 1012 3139 inque
1025 3085 1158 3140 protundum

526 3150 610 3193 Pronus
621 3150 674 3201 abit,
687 3150 784 3205 lethique
796 3153 853 3194 viam
868 3154 914 3195 sine
925 3152 967 3196 tine
980 3159 1083 3198 retentat.

526 3222 586 3265 Ferit
596 3235 657 3266 amor
669 3223 769 3275 maciem
786 3224 849 3278 langa
864 3226 986 3269 internodia
999 3239 1097 3280 crurum,

526 3291 597 3347 Longa
611 3296 684 3336 manet
696 3292 778 3345 cerain
792 3299 858 3351 caput
869 3300 926 3338 esta
939 3307 1027 3351 corpore
1042 3296 1112 3353 longa.

527 3363 606 3418 AEquor
619 3370 684 3419 amat,
699 3376 822 3422 nomenque
837 3372 903 3419 tenet,
918 3367 969 3422 quia
984 3368 1090 3424 mergitur
1101 3366 1148 3411 itlo.
1164 3385 1174 3408 a
1229 3364 1270 3412 795
