3384 4675
397 579 400 584 '
428 574 474 627 tta
754 560 1063 623 ndttnonrttosus

428 697 498 756 vaste
515 689 630 745 Oceani.»
650 687 670 742 11
689 687 736 754 dit,
755 692 782 741 et
800 688 873 743 lance
892 701 925 741 au
942 683 1062 756 petit-tiis
1078 667 1191 755 d'daque
1205 696 1245 739 un
1256 681 1321 739 trait
1338 698 1390 755 qu.

428 784 520 840 aneint
540 797 588 838 son
608 779 732 846 bonotier,
754 796 787 835 en
809 795 887 851 perce
908 778 1021 841 l'airain,
1041 771 1155 833 traverse
1172 775 1296 848 jusqu’au
1316 792 1385 834 nen·

427 875 512 931 nieme
529 874 587 929 cuir
601 880 627 929 et
642 871 749 929 s'arrete
762 889 795 928 au
806 871 929 927 dixitne.
947 869 1046 927 Achille
1059 869 1196 935 Tarracina,
1210 876 1237 926 et
1247 869 1312 926 d’un
1326 869 1384 926 buu

428 972 542 1022 nerreux
561 965 645 1035 dirige
656 973 746 1022 contre
762 964 862 1037 Cycnus
876 980 929 1019 une
943 961 1055 1019 seconde
1071 961 1194 1034 jareline,
1208 962 1255 1034 qui
1273 977 1309 1018 ne
1323 978 1385 1034 pro-

428 1056 486 1112 duit
501 1073 586 1112 aucun
602 1055 664 1112 estet
682 1073 727 1112 sur
745 1058 792 1112 lui.
810 1056 875 1111 Sans
894 1071 1010 1120 armure,
1029 1054 1047 1109 il
1067 1061 1144 1111 court
1162 1054 1306 1110 auderunt
1321 1054 1386 1123 d'nn

428 1151 564 1218 troisieme
578 1150 651 1217 trait,
670 1155 696 1205 et
713 1151 855 1222 n‘eproure
872 1165 959 1206 aucun
973 1148 1036 1204 mal.
1051 1146 1149 1204 ichilte
1166 1147 1271 1204 dorient
1281 1147 1384 1204 Turienx

428 1259 530 1300 comme
549 1259 587 1300 un
608 1249 715 1301 taureau
737 1245 773 1299 du
791 1244 881 1316 cirque
904 1244 1019 1315 lorsque,
1039 1241 1159 1314 trappant
1180 1241 1214 1298 de
1233 1256 1279 1298 ses
1294 1255 1385 1298 cornea

428 1336 548 1393 terribtes
557 1336 582 1392 le
592 1329 655 1392 tissu
668 1336 702 1392 de
714 1350 827 1406 ponrpre
841 1334 913 1405 quia
928 1335 1061 1407 pronoque
1072 1350 1101 1390 sa
1110 1334 1205 1399 colere,
1218 1332 1237 1389 il
1248 1339 1308 1390 seut
1317 1333 1384 1389 l'im-

428 1431 568 1502 puissanoe
582 1429 665 1486 deses
675 1445 766 1500 coups.
777 1428 811 1485 Le
821 1428 900 1484 heros
909 1429 1031 1484 examine
1040 1427 1062 1484 si
1074 1427 1147 1484 teser
1157 1427 1225 1482 n'est
1236 1441 1285 1499 pas
1294 1425 1385 1483 umbe

428 1523 521 1580 deson
534 1538 616 1588 nme,
630 1528 667 1586 et,
680 1523 714 1594 Ty
724 1526 818 1593 voyant
826 1521 945 1592 toujours
955 1520 1075 1578 attacht:
1090 1519 1168 1577 «iton
1177 1518 1385 1576 brass'estdoac

428 1616 535 1682 attaibti,
546 1617 624 1683 dit-il,
640 1633 675 1673 ou
685 1615 746 1672 bien
764 1631 813 1672 son
828 1615 954 1672 ancienne
964 1615 1034 1670 force
1050 1631 1085 1670 ne
1099 1618 1162 1686 peut
1172 1614 1232 1671 rien
1244 1618 1384 1670 oontteuu

428 1712 485 1767 seul
503 1711 621 1768 canemi!
641 1709 662 1764 u
684 1710 747 1766 etait
762 1715 885 1781 pourtant
901 1709 1044 1781 rigoureux
1059 1707 1157 1780 quand,
1177 1708 1202 1764 le
1218 1707 1384 1780 premier,je

427 1803 558 1858 reuversai
574 1803 613 1857 les
627 1808 757 1874 remparts
772 1803 806 1859 de
823 1801 961 1874 Lyrnesse,
977 1801 1065 1872 quand
1077 1800 1194 1873 j'arrosai
1215 1800 1253 1856 du
1267 1814 1333 1871 sang
1351 1801 1384 1857 de

427 1893 498 1951 leurs
513 1893 643 1958 habitante
654 1894 770 1952 Tenedos
786 1901 813 1951 et
829 1895 943 1960 Thebes,
960 1895 1107 1966 gomer-nee
1121 1879 1279 1975 perdition,
1296 1895 1382 1966 quand

388 2003 396 2021 ·
427 1987 453 2043 le
464 1986 558 2058 Gaique
567 1986 642 2042 ronta
655 1988 720 2044 dans
730 2005 772 2044 ses
789 1988 850 2046 tlots
860 1988 901 2045 ies
915 1988 1034 2044 eadavres
1047 1989 1093 2044 des
1108 1987 1214 2060 peuptes
1229 1985 1323 2044 etablis
1337 2002 1383 2043 sur

427 2094 470 2137 ses
486 2078 575 2145 horos,
594 2084 622 2135 et
632 2080 720 2150 quand
735 2081 847 2152 Telephe
861 2082 972 2153 eprouva
988 2080 1059 2136 deux
1075 2079 1126 2137 fois
1142 2080 1180 2136 tce
1195 2094 1275 2153 coups
1290 2081 1326 2137 de
1341 2094 1381 2135 ma

294 2192 336 2231 u,
421 2173 628 2249 murrina
642 2173 677 2228 lci
690 2175 787 2240 meme,
804 2181 865 2230 tous
880 2190 923 2231 ces
938 2189 1082 2230 monceaux
1094 2174 1128 2231 de
1139 2169 1223 2231 murts
1232 2190 1284 2246 que
1290 2173 1380 2247 jorois

426 2267 543 2324 entasses
552 2282 598 2324 sur
608 2267 633 2324 la
645 2267 834 2345 rireyattestent
850 2284 881 2325 ce
893 2270 955 2343 qu’a
969 2285 1007 2341 pn
1019 2282 1082 2326 mon
1097 2267 1156 2326 bras
1167 2275 1238 2326 etoe
1248 2267 1313 2343 qu'it
1321 2272 1382 2343 pent

426 2377 556 2421 encore.»

531 2527 648 2583 Nereaque,
661 2532 684 2571 et
694 2533 764 2579 natas,
775 2532 796 2569 ct
808 2532 880 2570 toturn
893 2533 999 2583 temperat
1009 2539 1091 2584 aequor.
1103 2545 1114 2570 »

531 2598 592 2648 uixit,
605 2604 627 2642 ct
640 2599 750 2642 lraesurum
762 2598 830 2655 clypei
843 2600 970 2643 curvamine
983 2599 1049 2643 telum
1141 2623 1144 2628 ·
1247 2597 1275 2645 95

530 2668 588 2711 ttisit
602 2669 625 2711 iu
637 2668 743 2720 AEacidon,
756 2669 814 2723 quod
827 2673 850 2711 et
864 2682 900 2721 ors,
914 2675 936 2712 et
950 2670 1046 2725 proxima
1059 2669 1120 2725 rupit

529 2737 596 2793 Terga
611 2751 694 2782 novena
708 2738 779 2791 boum,
793 2737 877 2781 decimo
890 2745 963 2782 tamon
976 2739 1154 2782 orbe‘moratum.

530 2808 616 2852 Excutit
627 2809 666 2852 hoc
679 2810 750 2863 heros,
762 2822 884 2865 rursusque
894 2810 1009 2853 trementia
1021 2810 1072 2853 forti

530 2878 580 2922 Teia
593 2890 658 2921 manu
672 2881 746 2931 torsit;
759 2891 836 2923 rursus
851 2880 898 2924 sino
912 2880 1001 2924 vulnere
1013 2892 1100 2936 corpus,

529 2949 685 3005 sincerumque
698 2949 754 3002 tuin
767 2961 807 2993 nec
820 2951 886 2993 tortia
900 2952 973 3006 cuspis
985 2956 1092 3006 apertum,
1233 2948 1274 2997 tot

530 3016 556 3059 Et
565 3030 588 3061 se
599 3019 729 3073 praebentem
740 3018 809 3061 valuit
820 3020 957 3075 destringere
968 3020 1072 3077 Cycnum.

531 3088 591 3131 {laud
602 3100 664 3131 secus
678 3088 765 3139 exarsit,
775 3099 840 3143 quam
852 3090 910 3133 circo
923 3095 999 3133 taurus
1011 3097 1093 3146 aperto,

530 3158 600 3208 Quum
610 3172 649 3203 sua
662 3160 753 3203 terribili
768 3162 821 3216 petit
836 3162 958 3205 irritamina
972 3172 1050 3214 cornu,

530 3229 633 3273 Punicoas
645 3237 721 3284 costos,
735 3232 838 3286 elusaque
849 3231 938 3275 vulnera
948 3233 1022 3275 sentit.

529 3298 585 3342 Num
600 3306 670 3344 tamen
680 3302 784 3345 exciderit
795 3302 877 3344 serrum
889 3302 1013 3345 considerat
1023 3302 1099 3347 hastae.
1234 3301 1274 3348 tto

529 3368 626 3412 Horrebat
639 3370 714 3426 ligno:
729 3371 826 3414 «dianus
838 3377 871 3413 est
884 3383 931 3415 mea
943 3371 1021 3415 debilis
1034 3384 1092 3426 crgo,

529 3438 635 3493 Quasque,
647 3440 685 3492 ait,
697 3445 747 3483 ante
759 3440 836 3484 hahuit
849 3442 914 3495 vires,
925 3440 1003 3485 effudit
1015 3444 1038 3485 in
1051 3454 1101 3486 rano.

528 3507 581 3551 Nam
593 3515 650 3552 certe
662 3510 737 3562 valuit,
750 3509 783 3553 rol
797 3523 864 3566 quum
878 3513 969 3569 lyrnesia
983 3514 1070 3569 primus

528 3576 602 3620 iioenia
615 3578 699 3633 disjeci,
713 3581 746 3625 rol
760 3594 829 3636 quum
843 3583 996 3639 Tenedonque,
1012 3594 1095 3639 suoque

528 3647 646 3691 &tioneas
657 3651 744 3707 implevi
758 3654 863 3709 sanguine
875 3654 971 3706 Ttrohas;
992 3692 994 3694 .
1229 3653 1272 3701 tto

527 3716 563 3759 Tel
574 3730 642 3773 quum
654 3732 776 3776 purpureus
790 3725 890 3780 populari
903 3724 960 3769 coede
972 3725 1055 3782 Caycus

526 3784 603 3840 Tinxit,
616 3800 713 3845 opusque
727 3803 779 3837 moae
793 3795 826 3837 ors
837 3797 906 3839 sensit
920 3796 1027 3851 Telephus
1040 3795 1115 3850 haste,

527 3856 565 3900 ilic
576 3869 662 3914 quoqne
673 3865 705 3903 tot
717 3864 786 3913 causis,
799 3876 893 3919 quorum
905 3879 944 3922 por
956 3868 1017 3909 littus
1030 3877 1115 3911 acervos

522 3927 547 3971 Et
558 3928 605 3985 teci,
620 3936 643 3975 et
653 3931 725 3988 rideo,
739 3934 807 3982 valuit
819 3948 866 3983 mea
879 3937 962 3994 dextra,
973 3938 1082 3993 vatetquo.
1097 3956 1107 3979 ι
1156 3961 1159 3968 -
