3384 4675
340 615 342 624 ι
419 559 466 607 tao
735 553 1039 609 uarauoarnosas.

418 695 435 750 p
452 684 541 733 trouva
557 691 595 730 un
611 677 651 731 lac
674 675 739 730 dont
757 674 783 730 le
800 676 888 731 cristal
904 676 1001 732 laissait
1018 677 1074 731 voir
1093 677 1117 731 le
1135 677 1174 732 sol
1192 693 1226 731 att
1241 676 1303 731 fond
1322 675 1369 730 des

419 769 545 833 osuald,
559 769 633 839 point
643 769 677 824 de
687 769 787 839 plantes
797 770 1001 838 marecageuses‚
1013 771 1040 824 ui
1050 755 1164 838 d'algues
1174 770 1283 831 steriles,
1292 769 1320 822 ni
1334 769 1368 823 do

415 861 490 932 joucs
500 862 590 931 aigus:
606 862 691 918 l'onde
703 879 737 918 en
747 868 787 918 est
800 863 915 933 limpide.
928 862 960 918 Ce
974 863 1012 931 lac
1026 870 1064 918 est
1078 862 1159 917 honde
1172 863 1204 917 de
1214 870 1293 930 garon
1303 861 1365 914 hais

418 959 444 1009 et
455 954 577 1010 d'herhes
592 955 708 1026 toujoars
724 962 820 1010 vertes.
841 955 896 1010 Une
911 957 1027 1026 Nympho
1046 956 1159 1012 l'habite.
1181 953 1298 1008 lnhahile
1310 954 1326 1008 a
1340 956 1366 1008 la

358 1115 360 1119 Δ
417 1047 516 1111 chasse,
536 1048 585 1102 elle
605 1047 673 1104 n'est
687 1050 852 1104 accontumee
872 1048 899 1101 ni
921 1051 935 1103 'a
954 1048 1045 1103 tendre
1059 1049 1131 1114 lare,
1151 1047 1179 1101 ui
1194 1048 1211 1102 a
1228 1045 1315 1101 suivre
1327 1062 1364 1100 un

417 1141 474 1194 ceri
480 1142 496 1194 d
510 1141 534 1196 la
549 1157 650 1196 course.
669 1140 744 1197 Seule
759 1143 842 1213 parmi
856 1142 894 1196 les
905 1141 1019 1206 Naiades,
1035 1141 1083 1196 elle
1096 1143 1164 1196 u'est
1177 1141 1250 1212 point
1263 1156 1365 1195 manue

417 1233 450 1289 de
464 1234 547 1304 l'agile
563 1235 650 1290 lliane.
666 1233 703 1290 On
714 1243 820 1292 raconte
835 1252 886 1307 que
908 1253 950 1290 ses
968 1251 1121 1305 compagncs
1134 1235 1171 1289 loi
1185 1221 1295 1289 disaient
1306 1250 1365 1288 sou-

417 1334 495 1383 vent:
515 1327 671 1393 «Salmacis,
689 1328 785 1399 prends
799 1328 825 1382 le
836 1328 936 1398 javelot
946 1334 973 1383 et
985 1329 1010 1383 le
1021 1328 1149 1398 carquois,
1164 1334 1190 1383 et
1208 1327 1277 1382 mele
1293 1327 1308 1380 a
1327 1333 1366 1392 tes
1383 1357 1385 1360 >

420 1438 432 1471 t
447 1419 533 1475 loisirs
546 1422 571 1475 le
581 1420 647 1475 rude
658 1421 772 1475 exercice
786 1421 819 1476 de
832 1421 857 1475 la
873 1423 971 1476 chasse.
987 1440 998 1472 o
1014 1419 1069 1475 Ello
1082 1420 1211 1490 'dedaigne
1230 1420 1254 1474 le
1271 1420 1366 1490 javelol

416 1519 442 1569 et
453 1515 478 1569 le
487 1513 618 1585 carquois,
635 1518 661 1567 et
674 1529 708 1568 ne
723 1530 751 1568 se
763 1513 852 1570 soocie
862 1513 936 1584 point
950 1513 983 1568 de
992 1514 1075 1568 molor
1087 1514 1102 1567 a
1114 1529 1155 1568 ses
1166 1512 1250 1568 loisirs
1261 1513 1286 1568 le
1297 1514 1365 1569 rude

416 1606 531 1661 exercice
551 1607 584 1660 de
601 1606 625 1661 la
643 1607 741 1662 chasse.
757 1606 849 1664 'lentot
866 1607 916 1661 elle
936 1606 1028 1675 baigue
1048 1606 1112 1660 dans
1130 1603 1214 1661 l'onde
1231 1621 1296 1675 pure
1315 1623 1364 1662 sou

415 1714 491 1769 corps
502 1697 637 1769 gracieux;
652 1702 745 1764 tantot,
756 1701 849 1755 asecle
858 1699 917 1754 huis
928 1699 963 1754 du
973 1698 1070 1769 Cytore,
1079 1698 1128 1753 elle
1137 1697 1240 1752 demele
1252 1714 1294 1753 ses
1304 1699 1364 1754 che-

414 1806 481 1846 reux
491 1806 524 1845 en
536 1792 685 1847 consultant
694 1792 718 1846 le
729 1792 821 1848 miroir
835 1792 880 1848 des
894 1808 958 1846 caux
973 1809 1018 1847 sur
1029 1808 1070 1846 ses
1078 1798 1173 1846 atours.
1186 1790 1362 1862 Quelquelois,

415 1890 536 1939 converte
552 1885 616 1941 d'un
633 1885 699 1941 roile
713 1886 849 1958 diophane,
860 1886 910 1941 elle
924 1902 1017 1956 repose
1032 1901 1123 1940 sorau
1133 1885 1163 1939 lit
1175 1884 1208 1939 de
1218 1885 1320 1941 feuilles
1329 1903 1364 1942 ou

414 1978 447 2033 de
461 1995 548 2048 garon.
565 1978 677 2034 Souveut
687 1980 735 2033 elle
745 1980 837 2035 cueille
846 1979 892 2035 des
900 1961 989 2034 fletus.
1004 1979 1134 2034 Peut-etre
1147 1995 1181 2033 en
1191 1979 1364 2037 cucillaitelle

414 2073 483 2127 aussi
494 2072 643 2141 lorsqu'elle
657 2071 694 2126 vit
705 2070 730 2126 le
739 2071 819 2141 jeuue
833 2072 938 2142 berger.
955 2069 1031 2129 lln'le
1050 2078 1150 2144 reparat,
1165 2072 1214 2126 elle
1231 2072 1315 2128 desira
1331 2075 1364 2128 de

415 2166 439 2221 le
452 2165 584 2236 possedes.

452 2277 463 2308 ι
479 2246 602 2312 Avent'de
611 2254 777 2327 s'approcher
788 2257 821 2312 de
832 2257 879 2324 lui,
889 2259 988 2327 malgre
999 2263 1069 2314 toute
1081 2275 1128 2314 son
1137 2258 1301 2330 impatieuoe,
1313 2259 1363 2314 elle

518 2474 580 2517 Caras
591 2474 642 2520 adit.
653 2473 715 2517 Videt
729 2474 764 2517 hic
777 2480 879 2531 stagnum
890 2476 983 2519 lucentis
993 2476 1019 2519 ad
1029 2476 1097 2519 imum

517 2544 588 2599 Usque
600 2545 673 2588 solum
685 2543 785 2601 lymphae.
796 2545 842 2588 Non
851 2546 897 2588 illic
908 2550 975 2589 canna
985 2537 1095 2601 palustris,

515 2615 559 2659 Noc
572 2613 656 2658 steriles
666 2614 728 2667 ulvae,
740 2627 781 2658 nec
792 2620 856 2657 acuta
867 2616 956 2672 cuspide
967 2606 1047 2669 Junci,¹

516 2686 647 2740 Perspicuus
659 2685 730 2739 liquor
743 2691 790 2739 est;
803 2687 874 2743 stagni
890 2692 961 2730 tamen
973 2688 1050 2731 ultima
1062 2689 1109 2730 viro

516 2756 599 2810 Cespite
609 2755 735 2811 cinguntur,
748 2769 875 2813 semperque
888 2759 1010 2802 virentibus
1021 2759 1100 2802 herbis.
1122 2782 1123 2786 =

515 2827 612 2884 Nympha
623 2827 680 2880 oolit;
692 2828 731 2871 sed
744 2840 783 2871 nec
796 2829 910 2872 uenatibus
922 2838 979 2885 apta,
991 2843 1030 2873 nec
1042 2842 1105 2873 arcus

513 2896 608 2939 Flectere
619 2910 668 2952 quae
680 2898 755 2950 soleat,
767 2911 808 2941 neo
819 2911 868 2953 quac
880 2900 1008 2943 contendere
1020 2914 1093 2944 cursu.

514 2968 606 3022 Solaque
619 2967 722 3012 Naiadum
733 2968 798 3011 celeri
807 2981 850 3012 nou
862 2979 913 3014 nota
923 2972 1001 3014 llianae.
1067 3026 1069 3030 Α

514 3038 572 3093 Saepe
584 3050 635 3080 suas
648 3038 680 3081 illi
692 3039 748 3081 lama
760 3044 794 3083 est
807 3040 888 3083 dixisse
900 3053 998 3084 sorores:

516 3125 527 3148 ι
539 3109 636 3160 Salmaci,
647 3109 680 3153 vel
687 3109 793 3163 iaculum,
807 3112 840 3154 vel
855 3112 924 3166 pictas
935 3126 996 3155 sume
1008 3112 1127 3169 pharetras,

516 3194 526 3216 ι
539 3178 565 3221 Εῑ
578 3183 614 3220 tua
624 3191 673 3221 eum
683 3179 745 3223 duris
758 3180 873 3225 venatibus
885 3183 927 3225 otia
938 3184 1012 3226 misce.
1024 3200 1033 3222 a

514 3249 557 3292 Nee
563 3248 662 3302 jaculum
674 3251 749 3303 sumit,
763 3263 803 3294 nec
816 3252 885 3307 pictas
894 3252 932 3294 illa
944 3253 1064 3308 pharetras,

513 3320 556 3362 Nec
567 3332 606 3363 sua
617 3333 667 3363 cum
679 3320 739 3364 duris
751 3322 866 3365 venatibus
877 3324 921 3365 otia
935 3324 1017 3370 miscet,

513 3388 554 3433 Sed
566 3390 629 3433 modo
640 3392 700 3435 sonte
711 3404 750 3435 suo
762 3393 867 3436 formosos
878 3396 960 3449 perluit
973 3399 1045 3448 artus;

513 3462 572 3516 Saepe
580 3463 685 3518 cytoriaco
697 3461 786 3505 deducit
796 3464 882 3520 pectine
894 3466 973 3520 crines,
1043 3498 1045 3503 -

514 3530 539 3572 Et
552 3531 604 3586 quid
616 3545 639 3574 se
652 3531 733 3585 deceat,
746 3539 853 3588 spectatas
865 3537 960 3579 consulit
971 3538 1050 3581 undas.

514 3600 574 3642 Nunc
585 3601 705 3655 perlucenti
719 3602 851 3645 circumdata
863 3615 941 3660 corpus
955 3606 1043 3659 amictu,

514 3667 613 3711 llollihus
625 3676 663 3712 aut
675 3669 741 3725 loliis,
754 3679 791 3715 aut
804 3674 907 3717 mollibus
919 3676 1007 3718 incubat
1019 3677 1098 3719 herhis.

514 3739 573 3793 Sape
582 3740 634 3794 legit
648 3740 719 3793 dores;
732 3748 755 3784 et
767 3748 819 3786 tunc
830 3757 917 3802 quoque
931 3746 985 3790 forte
999 3748 1093 3803 legebat,
1247 3751 1250 3760 '

514 3810 584 3859 Quium
596 3822 687 3865 puerum
700 3812 760 3866 vidit,
773 3804 887 3870 visumque
898 3818 978 3872 optavit
992 3818 1079 3867 hahere.
1181 3810 1183 3812 θ

541 3934 605 3977 «Nec
620 3941 691 3978 tamen
705 3945 755 3978 ante
766 3938 828 3992 adiit,
841 3940 883 3983 etsi
895 3940 1021 3995 properabat
1035 3940 1101 3992 adire,
