3384 4675
644 556 646 568 '
714 557 814 609 tttne
834 559 906 610 xtt:
1238 551 1281 601 eet

306 695 308 699 >
334 667 380 724 des
391 668 453 725 aies.
463 668 532 727 Circe
543 671 636 729 iniecto
647 678 688 730 eet
698 675 762 730 asiie
775 681 801 731 et
809 675 934 732 teseuiite
945 675 978 731 de
986 672 1154 731 formidables
1163 669 1280 742 poiseus,

335 777 368 816 en
383 764 554 835 yrepandant
567 766 606 820 tes
624 783 684 823 sues
699 767 761 825 eires
774 768 807 824 de
820 785 861 825 ses
874 769 989 825 funestos
1006 768 1117 840 piantes.
1135 764 1190 820 uile
1203 777 1283 819 mur-

334 869 413 911 mure
428 856 443 910 a
458 859 520 912 treis
535 859 650 930 reprises
670 860 716 916 des
730 861 855 918 sermuies
871 862 989 933 dtranges
1006 868 1033 918 et
1044 858 1239 933 mystirieuses,
1258 861 1285 911 et

334 945 507 1016 repeterent
518 949 567 1005 teis
579 965 621 1004 ses
632 953 852 1008 enobantemeots.
864 952 947 1024 Scylla
962 952 1041 1009 vient.
1058 949 1167 1023 Apeine
1177 948 1285 1004 est-elie

334 1040 452 1096 dmoitie
462 1042 620 1111 descendue‚
633 1041 730 1117 qu’eiie
740 1048 795 1103 veit
808 1065 851 1104 ses
865 1049 945 1105 danes
954 1047 1076 1129 entourds
1088 1046 1167 1102 d'une
1175 1043 1285 1098 hideuse

335 1131 454 1190 ceinture
467 1133 642 1192 demonstres
659 1138 789 1210 aberants.
806 1140 915 1197 ii'aberd
934 1141 982 1197 elle
995 1144 1102 1213 ne'peut
1115 1139 1199 1195 croire
1208 1134 1287 1207 qu'ils

332 1222 390 1278 ient
402 1220 486 1292 partie
501 1219 534 1274 de
549 1233 598 1274 son
608 1233 694 1287 corps.
710 1219 764 1272 title
775 1220 838 1281 tuit,
854 1223 889 1284 et,
904 1221 1045 1276 redeutaut
1062 1223 1136 1277 leurs
1151 1237 1289 1278 mensures

334 1314 450 1379 hardres,
464 1311 515 1367 elle
527 1325 616 1380 essaye
630 1309 662 1364 de
675 1309 714 1364 los
725 1324 874 1379 repeusser.
895 1309 966 1375 dats,
979 1328 1014 1368 en
1023 1314 1130 1371 tentant
1142 1313 1181 1369 les
1192 1314 1286 1380 enitet,

334 1407 386 1463 elie
398 1406 437 1462 les
450 1403 568 1460 entraine
581 1417 643 1457 arec
653 1401 714 1457 elie.
731 1401 768 1456 En
780 1403 840 1456 rain
855 1403 1052 1461 cherche-telie
1067 1422 1109 1462 ses
1122 1391 1288 1476 coisses,'ses

331 1498 436 1571 jambos
450 1502 476 1552 et
489 1511 532 1552 ses
545 1494 620 1566 pieds
632 1509 639 1550 ε
652 1494 666 1548 ἐι
679 1493 738 1548 ieer
751 1493 824 1565 piace
837 1496 887 1551 elle
902 1503 990 1554 trouve
1002 1499 1048 1553 des
1059 1499 1166 1568 gueuies
1177 1499 1209 1554 de
1222 1498 1286 1556 Cer·
1350 1540 1352 1544 μ

333 1592 406 1648 bere.
427 1590 481 1646 iiiie
502 1589 556 1645 veit
577 1603 632 1643 une
653 1592 743 1641 moute
765 1587 890 1654 iurieuse,
913 1606 975 1646 sans
995 1592 1094 1662 parties
1116 1591 1284 1658 inserieures,

334 1686 453 1742 attachde
466 1700 514 1755 par
528 1683 554 1737 le
568 1682 616 1738 des
635 1686 731 1737 auteur
746 1680 780 1736 de
796 1697 844 1737 sen
862 1699 944 1764 corps.
965 1683 1084 1750 Glaucus,
1102 1685 1148 1758 qui
1166 1686 1284 1754 i'aimait,

334 1795 411 1836 verse
424 1779 470 1834 des
483 1779 591 1833 tarmes.
606 1774 626 1829 il
641 1774 691 1830 fuit
702 1774 818 1844 l'hymen
832 1775 866 1833 de
879 1775 959 1843 Circe,
975 1779 1021 1850 qui
1036 1779 1107 1834 vient
1120 1779 1152 1835 de
1165 1781 1231 1837 taire
1247 1796 1284 1835 un

333 1880 394 1946 trop
407 1873 480 1928 cruet
493 1886 572 1934 osane
588 1868 676 1926 deses
694 1869 806 1940 piantes.
820 1869 903 1940 Scylla
915 1876 986 1926 resta
1000 1871 1065 1927 dans
1078 1887 1109 1926 ee
1119 1871 1173 1928 lieu
1187 1875 1284 1929 meme.

333 1971 384 2025 Des
395 1968 491 2041 qu'clte
502 1983 536 2022 en
548 1971 593 2020 eut
601 1966 626 2020 ie
635 1965 756 2035 peuvoir,
769 1980 837 2037 pour
848 1966 965 2022 assourir
976 1982 1004 2022 sa
1013 1967 1092 2023 haine
1102 1974 1193 2024 eentre
1204 1968 1285 2033 Circe,

333 2065 385 2122 elie
398 2064 428 2119 fit
439 2061 513 2134 perir
522 2062 560 2116 ies
569 2074 747 2130 compagnons
759 2058 883 2130 d'litysse.
898 2060 954 2116 litte
965 2056 1037 2116 aliait
1050 2061 1121 2117 aussi
1133 2062 1287 2132 submerger

333 2158 372 2213 ies
385 2155 520 2210 raisseaux
541 2159 656 2224 troyens,
673 2151 821 2239 tersqu’eiie
835 2152 877 2207 iet
889 2153 1002 2222 changee
1022 2169 1056 2209 en
1077 2170 1113 2208 un
1126 2144 1228 2209 'recher
1238 2153 1285 2226 qui

332 2250 418 2306 terme
431 2262 526 2303 encore
539 2261 576 2301 un
590 2244 672 2300 eeneii
685 2244 828 2314 qu’r'evitent
841 2245 880 2300 les
892 2245 1024 2300 matelots.

437 2573 498 2616 tlurm
509 2570 548 2614 dea
557 2566 665 2625 praevitiat
672 2596 677 2617 ,
685 2563 870 2621 portentificisque
883 2561 973 2606 venenis

438 2642 552 2697 Inquinat;
566 2638 617 2681 huic
628 2648 715 2692 presses
727 2635 801 2677 latices
812 2634 884 2676 radice
896 2632 983 2676 nocenti

439 2713 532 2769 Spargit,
540 2718 562 2755 et
575 2710 694 2756 obscurum
702 2706 818 2748 verborum
832 2703 920 2757 ambage
932 2714 1038 2745 novorum

439 2785 479 2829 Ter
490 2784 564 2826 novies
576 2790 663 2822 carmen
675 2778 759 2832 magice
771 2776 922 2818 demurmurat
934 2784 979 2816 ore.

438 2856 507 2913 scytia
519 2854 585 2906 venit,
598 2850 712 2905 mediaque
725 2855 790 2891 tenus
802 2844 944 2888 descenderat
953 2846 1009 2898 nire,

439 2930 509 2979 Quum
518 2937 558 2969 sua
570 2923 645 2966 ioedari
656 2920 788 2965 latrantibus
800 2920 890 2975 inguina
902 2917 1005 2961 monstris

439 2998 528 3054 Aspicit.
540 2998 569 3041 Ac
581 2995 650 3050 prime
663 3005 706 3036 nen
719 2991 811 3035 credens
822 2990 918 3045 corperis
930 2989 979 3031 ilias

439 3070 490 3114 Esse
500 3069 533 3111 sui
543 3073 623 3124 partes,
632 3064 766 3119 refugitque,
776 3062 895 3117 abigitque,
907 3062 1012 3115 timetque

406 3194 410 3206 Ι
438 3142 478 3185 Ora
490 3146 588 3197 proterva
597 3149 683 3180 canum.
695 3135 734 3177 Sed
744 3147 799 3189 quos
808 3134 873 3188 sugit,
885 3132 977 3175 attrahit
988 3142 1044 3182 rina;

441 3213 467 3257 Et
477 3224 556 3269 cerpus
569 3220 668 3265 quaerens
678 3207 794 3258 iemernm,
803 3214 936 3259 crurumque
948 3202 1078 3257 pedumque,

438 3284 553 3328 Cerbereos
561 3282 630 3324 rirtus
640 3291 680 3335 prr
691 3276 791 3334 portibus
802 3276 886 3317 invenit
895 3275 947 3325 ittis;

439 3357 529 3411 Statque
542 3364 621 3395 eanum
634 3351 712 3402 rabies,
726 3347 867 3403 subjectaque
878 3352 938 3402 tergo
949 3347 1044 3390 serarum

439 3426 566 3483 inguinibus
576 3423 668 3472 truncis,
682 3426 788 3474 uteroque
797 3424 905 3468 exstante,
914 3424 1006 3461 coercet.

439 3497 507 3541 Pleuit
516 3506 591 3538 amans
598 3489 700 3541 Glaucus,
710 3489 847 3543 nimiumque
856 3488 966 3530 hostiliter
974 3500 1020 3530 uso

439 3568 527 3612 Viribus
538 3564 654 3608 herbarum
664 3561 720 3615 tegit
731 3560 836 3602 connubia
848 3558 927 3603 Circes.

439 3640 508 3697 sortia
519 3639 566 3681 iece
578 3636 672 3686 monsit;
683 3644 793 3687 teretemque
803 3637 836 3673 est
844 3632 894 3674 (tata
906 3631 968 3685 copia
982 3630 1084 3685 primurn,
1150 3630 1177 3674 te

439 3712 464 3754 iri
474 3712 546 3753 Circes
553 3707 628 3750 odium
638 3705 704 3748 sociis
712 3702 811 3757 spoliavit
822 3702 919 3758 Ulyssen.
981 3741 983 3746 .

439 3780 485 3825 iios
494 3779 570 3823 eodem
576 3776 669 3820 Teucras
679 3773 751 3817 iuerat
759 3784 858 3815 mersura
868 3772 959 3821 carinas,

440 3852 466 3896 tti
476 3852 538 3907 prius
549 3851 573 3892 in
583 3839 705 3903 seepuium,
715 3846 751 3901 qui
765 3855 822 3887 noer
833 3854 919 3900 neroque
932 3855 1007 3887 sarnus
1020 3848 1097 3894 eistat,

442 3921 603 3966 'irnosiermata
613 3919 678 3963 ieret.
688 3916 802 3971 &epotum
810 3926 899 3971 qnoque
909 3917 980 3958 nerito
989 3915 1048 3960 vitet.
